3240 4898
691 322 912 386 ,52-

218 516 432 603 existimans).
472 517 710 582 Wclckeriana
735 519 875 582 sirecte
900 541 969 584 sese
993 520 1130 584 haberet
1153 521 1390 607 interpretatio,

214 624 328 689 fabula
351 624 455 689 eidem
482 629 570 688 certe
595 624 792 708 assignanda
817 626 948 690 videtur
970 628 1082 709 generi
1104 635 1203 711 atque
1225 628 1390 693 comoediae

216 732 359 814 antiquae
384 738 591 814 argumenta:
727 741 728 745 ’

304 833 508 923 ’Βιτιλῆομων
531 838 749 920 Pherecratis,
784 839 961 928 Περιαλγῆς
990 841 1150 924 Platonis,
1181 842 1392 931 Μονότροιτος

214 947 401 1028 Phryniohi,
437 940 607 1034 Ἡύοχύρῆς
631 947 843 1031 Theopompi,
884 947 1068 1036 Φιλοθύτης
1090 950 1284 1033 Metagonio,
1316 951 1389 1020 alia.

216 1052 461 1136 Frequentatur
485 1055 547 1118 hoc
571 1076 673 1136 genus
698 1055 730 1120 in
755 1056 861 1119 media
885 1057 1053 1121 comoedia.

306 1161 408 1225 Tituli
432 1162 572 1226 heroicis
596 1163 745 1245 personis
769 1163 825 1244 qui
850 1163 1010 1228 debentur
1034 1165 1181 1228 nonnulli
1205 1165 1290 1229 obvii
1306 1164 1389 1229 fiunt

216 1267 302 1350 apud
328 1269 467 1332 comicos
492 1267 621 1333 Atticos
646 1268 831 1334 fabularum
847 1268 1136 1353 Epicharmearum
1162 1272 1389 1354 cognomines:

216 1412 367 1500 Βούσιρις
389 1412 579 1494 Epicharmi
606 1449 644 1458 -
663 1412 814 1494 Βούσιρις
838 1410 976 1494 Cratini,
1000 1413 1210 1497 AntiphaniS,
1235 1414 1391 1499 Ephippi,

283 1519 516 1602 Mnesimachi3
552 1541 673 1605 omnes,
705 1519 961 1602 fragmentorum
988 1521 1014 1584 si
1038 1541 1102 1602 qua
1127 1527 1176 1585 est
1199 1522 1389 1603 auctoritas,

285 1627 422 1691 eandem
446 1632 590 1691 tractant
615 1629 793 1691 materiam.

216 1749 360 1836 Κύκλωψ
383 1751 580 1834 Epicharmi.
609 1791 648 1798 —
673 1749 817 1838 Κύκλωψ
840 1753 1049 1836 AntiphaniS,
1074 1751 1249 1830 Κύκλωπες
1266 1752 1379 1818 Callian

218 1881 341 1962 Σκίρων
363 1878 562 1960 Epicharmi.
589 1916 627 1927 -
655 1883 794 1965 Σκείρων
817 1877 977 1943 Alexidis.

220 2001 415 2092 Φιλοκτήτας
438 2003 636 2085 Epicharmi.
661 2043 704 2050 -
730 2002 925 2092 Φιλοκτῆτῆς
949 2003 1127 2087 Strattidis,
1152 2003 1361 2088 Antiphanis

305 2145 479 2210 Interdum
502 2146 539 2210 fit
563 2152 599 2210 ut
622 2148 745 2211 nomini
776 2148 908 2230 proprio
940 2148 1107 2230 epitheton
1139 2147 1303 2229 quoddam
1334 2169 1390 2230 ap·

217 2260 366 2334 ponatur,
393 2253 513 2336 quain
544 2275 580 2317 re
611 2253 715 2318 facem
746 2255 877 2319 comicis
901 2252 1022 2318 Atticis
1045 2253 1281 2336 Epicharmum
1310 2277 1392 2338 prae-

219 2360 332 2424 tulisse
372 2360 543 2424 verisimile
584 2366 648 2444 est,
688 2361 819 2425 exhibet
857 2361 910 2424 hic
944 2352 1112 2436 Ὀδυσσεύς
1145 2351 1322 2443 αύτύμολος
1359 2370 1393 2426 et

217 2456 382 2543 ’Θύοοοεύς
419 2463 564 2550 ναοαγύς,
611 2464 726 2531 Alexis
769 2487 844 2530 vero
887 2457 1051 2543 Ὀδυσσεύς
1089 2457 1321 2548 ύνιονιζύμενος
1359 2475 1392 2532 et

218 2563 381 2649 Ὀδυσσεύς
403 2565 565 2660 ripaltam·
590 2596 661 2638 cum
687 2572 790 2637 altero
807 2573 998 2658 Epicharmi
1022 2574 1129 2638 indice
1153 2575 1233 2637 mire
1259 2595 1391 2638 concor·

219 2680 276 2746 dat
307 2680 418 2744 fabula
450 2678 607 2757 Διόνυσος
637 2678 774 2764 ναοαγύς
804 2679 1021 2763 Aristophani
1056 2680 1139 2745 falso
1171 2680 1302 2763 quidem
1336 2680 1391 2744 ad-

220 2785 363 2872 dicta.²⁸)
409 2787 540 2852 Deinde
572 2787 701 2853 fabulas
725 2790 857 2872 scripsit
882 2789 1100 2872 Epicharmus
1122 2780 1273 2873 Ἡρακλῆς
1297 2779 1313 2851 d
1338 2785 1394 2852 ἐντὶ

218 2894 276 2961 τὸν
300 2893 445 2982 ζωστῆρα
469 2903 502 2960 et
524 2887 674 2982 Ἡρακλῆς
698 2887 715 2960 ὃ
739 2894 809 2984 τιύρ
838 2894 988 2981 catab)
1016 2896 1048 2960 Ν
1051 2896 1217 2960 icochares
1241 2887 1394 2982 Ἡρακλῆς

216 2999 351 3089 χορηγός
382 3008 414 3066 et
444 2994 596 3091 Ἡρακλῆς
626 3010 749 3087 γαμῶν,
781 3001 970 3085 Archippus
1000 2995 1048 3071 Ἡ.
1072 3010 1196 3086 γαμῶν.
1257 3000 1391 3066 Cetero-

219 3111 297 3192 quin
313 3110 397 3173 hanc
414 3110 574 3174 rationem
587 3115 755 3174 sectantur
768 3111 933 3174 comoediae
947 3111 1090 3192 antiquae
1104 3108 1223 3173 fabulae
1233 3106 1394 3185 Λιύνοοος

218 3207 358 3304 ύοκῆτής
380 3214 609 3298 Aristomenis,
641 3215 721 3293 Ζεὺς
753 3216 946 3300 κακούμενος
968 3217 1127 3298 Platonis,
1154 3209 1266 3291 Ἥλιος
1296 3215 1394 3302 ῥιγῶν

219 3322 434 3407 Aristonymi.

308 3428 444 3494 Fabulis
468 3430 600 3495 nomina
633 3432 791 3514 inscripta
820 3430 912 3495 vides
935 3429 1054 3514 plurali
1085 3451 1220 3494 numero
1253 3429 1394 3495 formata

219 3535 324 3601 hisce:

219 3676 342 3760 Βάκχαι
364 3678 565 3761 Epicharmi.
591 3718 632 3726 —
657 3680 778 3761 Βάκχαι
802 3680 949 3766 Lysippi,
974 3680 1108 3762 Dioclis,
1133 3678 1343 3762 Antiphanis.

220 3811 350 3868 Μοῦσαι
373 3804 573 3887 Epicharmi.
600 3843 640 3850 -
665 3813 794 3869 Μοῦσαι
816 3804 1004 3889 Phrynichi,
1030 3803 1233 3888 Ophelionis.

309 4017 340 4084 2Β)
361 4016 400 4071 Of.
420 4016 529 4085 Kaibel,
548 4017 665 4070 Hermes
676 4017 778 4072 XXIV
796 4019 839 4082 aa,
861 4018 908 4086 qui
927 4018 1000 4070 tituli
1019 4018 1136 4070 formam
1155 4015 1278 4069 defendit
1298 4018 1395 4068 contra

220 4104 321 4159 Kockii
341 4106 527 4158 coniecturam
546 4113 588 4159 sat
606 4107 818 4175 improbabilem
840 4108 890 4174 Δὶς
909 4111 1034 4177 ναοαγύς
1053 4126 1078 4174 p.
1099 4109 1142 4174 4⁸2,
1163 4109 1186 4160 1.

167 4262 171 4271 Ι
309 4195 341 4261 29)
361 4194 406 4248 Sic
427 4195 498 4248 enirn
522 4195 632 4247 titulum
660 4196 832 4249 scribendum
860 4213 919 4249 esse
946 4195 1040 4248 docuit
1060 4195 1251 4262 WilamowitZ,
1276 4194 1394 4247 Hermes

88 4202 196 4552 Ι
220 4281 366 4338 XXXVII
384 4285 445 4339 325.
