3240 4898
698 315 918 376 „13-

222 508 319 591 gandi
353 530 425 591 quae
464 509 717 592 appropinquat,
758 515 985 590 argumentum
1024 507 1187 590 quoddam
1227 508 1394 573 illustrare

222 616 384 680 existimet
407 636 427 678 a
449 615 535 678 ludis
559 613 750 680 scurrilibus
774 615 947 695 excultum,
973 615 1100 680 etiamsi
1116 616 1186 697 ipse
1203 636 1392 680 scurrarum

222 729 357 787 ornatus
392 721 485 786 deest
516 728 614 805 atque
646 743 685 786 ea
716 744 787 805 quae
821 722 860 787 dc
896 721 1094 806 Epicharmo
1127 722 1313 786 huiusmodi
1344 721 1394 785 rei

220 831 389 895 inventore
421 826 621 893 Studniczka
651 850 682 910 p.
708 832 770 893 261
802 828 927 912 profert
956 829 1052 893 nimis
1082 830 1209 894 incerta
1239 827 1394 892 habenda

222 944 306 1002 sunt.
349 937 535 1003 Mercurius
559 935 708 1019 depictus
732 942 782 1001 est
805 936 969 1020 palliatus,
993 937 1080 1019 pileo
1105 935 1249 1001 caduceo
1273 934 1394 1000 calceis

221 1043 317 1108 alatis
340 1045 485 1127 insignis,
511 1065 576 1108 arae
601 1043 767 1108 adducens
788 1065 901 1108 canem
918 1043 975 1108 sed
991 1045 1046 1126 qui
1061 1044 1152 1125 porci
1168 1043 1254 1126 pelle
1270 1040 1393 1124 latet⁸l

221 1150 273 1213 En
296 1150 399 1215 habes
422 1150 756 1216 fraudulentissimum
786 1150 922 1215 deorum
951 1150 1110 1215 fabricam
1141 1148 1317 1233 fingentem
1350 1149 1393 1212 ab

222 1278 260 1321 ea
282 1257 473 1322 mercatoris
497 1259 651 1340 megarici
673 1258 761 1322 haud
784 1258 832 1321 ita
855 1258 1005 1322 alienam.
1053 1256 1120 1323 Sed
1143 1259 1223 1341 ipsae
1255 1257 1393 1321 cornico·

221 1386 293 1428 rum
319 1363 506 1429 Atticorum
531 1386 603 1447 quae
628 1371 758 1430 exstant
781 1365 927 1448 reliquiae
952 1365 1101 1448 exempla
1125 1365 1218 1430 nobis
1243 1361 1394 1448 praebent

220 1471 387 1554 praeclara.
434 1470 697 1535 Acharnensium
721 1473 807 1536 enim
829 1473 894 1536 loci
909 1473 1024 1536 miram
1045 1473 1129 1555 gerit
1145 1470 1392 1536 similitudinem

222 1599 321 1644 scena
350 1601 422 1662 quae
453 1579 572 1662 legitur
601 1579 635 1642 in
666 1577 900 1661 Aristophanis
931 1579 1289 1662 Thesmophoriazusis,
1326 1597 1393 1660 qua

221 1683 330 1748 Micca
352 1687 468 1751 mulier
492 1693 599 1752 utrem
628 1687 693 1750 vini
723 1685 766 1750 ad
796 1687 928 1769 vulgum
962 1686 1190 1769 decipiendum
1220 1687 1268 1752 ita
1299 1691 1394 1750 ornat

222 1798 257 1855 ut
280 1791 387 1856 infans
416 1814 486 1858 esse
510 1793 669 1873 videatur,
703 1813 800 1876 quam
830 1793 992 1859 fallaciam
1017 1793 1242 1859 Mnesilochus
1274 1794 1393 1859 deinde

221 1922 250 1963 v.
278 1901 340 1963 733
365 1905 437 1962 utro
461 1906 610 1984 surrepto
635 1901 757 1984 detegit
782 1901 968 1966 exclamans

457 2028 547 2087 ccccl
570 2028 602 2087 τί
626 2022 730 2105 terrm·
754 2017 853 2103 α’σκὸς
876 2017 1002 2111 tyoec'
1026 2019 1045 2113 ἡ
1067 2025 1147 2114 κόρη

459 2127 545 2195 cibor
569 2131 675 2208 πλέως
698 2134 753 2196 καὶ
776 2141 878 2198 ταῦτα
902 2132 1058 2221 nepotulis
1081 2131 1171 2215 ἔχων.

222 2256 306 2320 Turn
329 2256 583 2338 persimillimarn
608 2264 706 2340 atque
729 2259 763 2322 in
779 2257 1050 2326 Acharnensibus
1075 2267 1107 2325 et
1122 2260 1395 2343 Thesmophoria-

221 2365 307 2428 zusis
330 2363 526 2451 μετασκευήν
548 2364 620 2429 fieri
643 2366 678 2428 in
703 2364 830 2430 Cratini
853 2367 964 2432 tabula
988 2390 1059 2456 quae
1086 2366 1396 2452 Διονυσαλέξανόρος

222 2471 411 2536 inscribitur
443 2494 482 2536 ex
512 2473 552 2536 iis
583 2494 655 2555 quae
686 2472 905 2556 hypotheseos
936 2496 1041 2557 nuper
1073 2483 1210 2558 repertae
1245 2476 1395 2539 columna

223 2577 328 2642 altera
351 2587 464 2642 narrat
488 2580 609 2661 optime
635 2579 900 2644 demonstrarunt
917 2579 1067 2645 Grenfell
1092 2587 1124 2644 et
1146 2581 1251 2660 Hunt,
1277 2583 1395 2664 papyri

223 2685 309 2748 illius
334 2685 513 2766 edit01·es.⁹)
551 2684 703 2749 Bacchus
728 2687 813 2750 enirn
829 2686 992 2750 Helenam
1016 2709 1112 2770 quam
1137 2688 1170 2748 in
1187 2687 1282 2750 Idam
1305 2708 1395 2749 mon-

223 2799 288 2855 tem
320 2790 461 2870 deduxit,
495 2791 534 2855 de
566 2794 734 2856 invasione
770 2794 888 2857 certior
923 2791 1029 2856 factus
1059 2791 1261 2856 Achivorum
1294 2799 1393 2872 atque

223 2897 336 2962 timido
360 2897 469 2962 animo
499 2885 541 2964 ad
563 2899 719 2963 Paridem
749 2898 906 2982 profugus
937 2904 1111 2980 pastorem,
1142 2898 1175 2958 in
1206 2917 1305 2960 cavea
1337 2896 1392 2958 ab·

224 3004 352 3070 scondit
374 3005 408 3068 in
433 3027 523 3070 avem
547 3013 714 3086 mutatam,
749 3027 806 3070 seu
830 3026 976 3069 anserem
1002 3026 1059 3068 seu
1084 3003 1236 3087 gallinam
1262 3001 1393 3087 (Koerte

223 3134 254 3194 p.
280 3113 369 3196 404),
395 3119 463 3175 tum
486 3112 555 3194 ipse
580 3117 616 3174 ut
639 3112 775 3176 arietem
800 3132 870 3176 sese
894 3116 1045 3174 exornat:

529 3277 531 3281 -
610 3235 689 3320 κ(αὶ)
713 3235 768 3322 τὴν
790 3235 875 3321 qu)
897 3227 1017 3321 Ἑλένη(
1038 3245 1049 3319 )

543 3342 591 3418 εἰς
614 3340 751 3427 τάλαρον
775 3336 900 3430 ‹dunler›
920 3350 999 3430 χῆνα

544 3446 672 3534 κρύψας
695 3446 806 3515 ἑαυτὸν
829 3442 906 3527 δἐἰς
928 3448 1045 3536 κριὸ(ν)

542 3555 846 3641 μ(ε)τ(α)σκευάσας
869 3550 1023 3639 ὑπομένει

544 3660 727 3744 adpetitor.

313 3806 334 3872 8)
355 3804 434 3873 Quod
452 3804 548 3874 negari
565 3807 641 3858 nullo
660 3807 742 3861 modo
761 3812 866 3876 potest,
895 3808 1095 3861 dubitationem
1116 3823 1197 3874 quam
1217 3805 1281 3858 tulit
1303 3804 1396 3868 Klein,

224 3894 257 3947 A.
272 3893 300 3946 J.
315 3893 391 3948 VIII
410 3894 461 3947 140
481 3895 595 3962 (Antike
608 3881 842 3968 llbermalungen)
863 3897 1028 3951 sufficienter
1047 3914 1107 3949 mea
1127 3894 1237 3963 quidem
1258 3892 1393 3945 sententia

224 3983 365 4051 redarguit
384 3983 550 4037 Studniczka
570 3985 605 4037 ib.
627 3988 687 4040 144.

314 4074 338 4142 ⁹)
358 4073 417 4125 The
443 4071 641 4140 Oxyrhynchos
665 4075 768 4143 Papyri
786 4075 830 4128 IV
850 4075 965 4128 London
985 4076 1054 4130 1004
1073 4092 1099 4142 p.
1119 4073 1154 4125 60
1173 4088 1231 4138 sqq.
1252 4070 1286 4123 cf.
1311 4070 1396 4122 Wila·

224 4163 343 4225 mowitz,
371 4162 461 4218 Goett.
486 4181 510 4230 g.
538 4164 678 4233 Anneigen
704 4166 774 4218 1004
802 4183 828 4232 p.
852 4166 917 4232 655;
944 4167 975 4216 A.
996 4163 1102 4228 Koerte,
1128 4160 1245 4213 Hermes
1264 4158 1395 4212 XXXIX

224 4252 276 4306 481
298 4267 368 4319 sqq.;
388 4251 503 4319 Croiset,
521 4251 617 4306 Revue
636 4253 684 4306 des
704 4253 798 4306 etudes
817 4270 949 4323 grecques
968 4251 1057 4305 XVII
1076 4252 1127 4306 297
1147 4266 1205 4317 sqq.
