3240 4898
703 314 917 375 ..47-

285 577 287 581 ,
312 510 331 570 5
367 505 486 589 ἱματίω
510 505 543 571 δέ
565 529 622 588 μοι
646 504 691 569 δύ’
717 502 809 570 ἐστὸν
829 508 974 591 χαρίεντε
997 502 1114 587 τούτω,

367 607 417 680 οἷν
438 609 694 698 μεταλαμβάνων
716 603 770 677 eici
792 610 937 698 θάτερον
960 608 1116 685 ἐξελαύνω

367 718 415 794 εἰς
437 711 569 808 α’χορόν.
595 716 660 784 ἐκεῖ
682 716 842 784 δ’ἒπειδὰν
865 717 983 783 κατίδω
1007 716 1065 782 τιν’
1091 710 1190 803 ἄνδρα
1232 800 1234 805 ¹
1319 768 1321 774 .

365 818 504 914 ἦλίίλιον,
529 825 727 891 πλουτοῦντα
750 825 784 907 δ’,
809 816 910 901 εὐθὺς
933 825 1012 912 περὶ
1035 834 1148 888 τοῦτον
1170 821 1248 905 εἰμί.

367 927 427 999 κόν
449 959 481 998 τι
505 932 586 1020 τύχῃ
609 934 709 1018 λέγων
733 925 750 998 ὃ
773 932 926 1015 πλούταξ,
951 931 1037 996 πάνυ
1060 930 1145 996 τοῦτ’
1171 929 1302 1007 ἐπαινῶ,
1334 1020 1336 1024 .
1392 973 1396 981 ·

291 1053 331 1115 10
365 1050 420 1116 καὶ
442 1048 708 1136 καταπλήττομαι
731 1049 831 1113 δοκοῦν
854 1055 941 1116 τοῖσι
964 1046 1088 1133 λόγοισι
1108 1051 1244 1135 χαίρειν.

350 1151 425 1220 »εἶτ’
451 1153 507 1220 ἐπὶ
530 1154 660 1220 δεῖπνον
684 1153 856 1240 ἐρχόμεσθ’
881 1147 1008 1231 δι’λλυδις
1031 1146 1126 1230 δίλλος
1148 1152 1238 1240 ἡμῶν

368 1261 473 1345 μάζαν
497 1259 548 1326 ἐπ’
572 1253 761 1349 ἀλλόφυλον,
787 1251 828 1326 οὗ
847 1261 895 1326 δεῖ
915 1265 1066 1348 χαρίεντα
1089 1258 1193 1325 πολλό
1218 1282 1221 1289 ·

367 1368 422 1433 τὸν
445 1359 552 1433 κόλακ’
576 1365 703 1446 εύθέως
725 1369 837 1454 λέγειν,
861 1364 881 1456 ἢ
902 1366 1066 1455 ’κφέρεται
1088 1365 1221 1451 θύραζε.
1289 1422 1293 1434 ,

368 1472 439 1540 οἶδα
462 1466 654 1563 δ”Ακέστορ’
680 1464 764 1540 αύτδ
785 1473 842 1541 τόν
865 1473 1058 1559 στιγματίαν
1077 1469 1248 1541 παθόντα.

293 1595 332 1656 15
368 1599 505 1673 σκῶμμα
529 1589 590 1678 γὰρ
612 1587 679 1656 εἶπ’
703 1588 844 1674 υἷσελχές,
870 1586 928 1654 εἶτ’
954 1579 1049 1653 αύτδν
1072 1582 1089 1652 ὃ
1113 1597 1193 1663 παῖς
1216 1584 1336 1672 θύραζε
1394 1590 1400 1628 ἱ

371 1695 536 1784 ἐξαγαγών
559 1696 670 1780 ἔχοντα
692 1695 799 1763 κλοιὸν
822 1696 1005 1783 παρέδωκεν
1031 1693 1126 1762 Οἰνεῖ.

311 1895 462 1977 Utroque
486 1895 556 1960 loco
580 1895 716 1978 parasiti
740 1916 846 1959 mores
868 1899 900 1958 et
921 1893 1020 1958 vitam
1037 1897 1214 1975 exponunt,
1239 1889 1398 1974 Epichar-

218 2024 315 2066 rmeus
337 2001 392 2066 ille
417 2003 504 2066 socio
529 2009 565 2066 ut
591 2002 719 2066 videtur
743 2001 871 2066 cuidam
899 1998 994 2086 (Aah.
1019 1999 1070 2067 VI
1095 2003 1158 2063 235
1182 1996 1272 2064 funt
1300 1993 1399 2064 αύτδν

226 2105 395 2175 ποιεῖτον
418 2105 602 2196 παράσιτον
628 2106 761 2192 λέγοντα
784 2103 896 2174 τοιάδε
927 2103 1013 2195 πρὸς
1044 2102 1100 2173 τόν
1127 2102 1398 2187 πυνθανόμενον),

225 2215 397 2299 Eupolidis
428 2223 538 2280 autem
569 2216 687 2279 chorus
719 2215 799 2307 ipsis
830 2213 1068 2303 spectatoribus
1092 2212 1135 2298 (v.
1163 2216 1177 2277 1
1205 2208 1293 2298 πρόςΙ
1313 2209 1400 2295 ὑμᾶς

225 2321 383 2405 λέξομεν).
432 2321 506 2406 Qua
529 2323 561 2385 in
586 2343 621 2385 re
646 2321 729 2386 adeo
754 2322 927 2404 diligenter
949 2319 1086 2402 Eupolis
1117 2314 1275 2402 sequitur
1293 2327 1399 2403 poetae

225 2428 326 2495 Siculi
350 2430 589 2510 auctoritatem,
615 2434 651 2492 ut
675 2427 794 2492 chorus
817 2427 1025 2492 adulatorum
1046 2427 1078 2490 in
1096 2426 1222 2491 cantico
1239 2426 1279 2490 de
1297 2433 1400 2491 semet

224 2538 295 2620 ipsc
319 2536 447 2601 locutus
472 2537 619 2619 quamvis
650 2535 744 2599 initio
774 2555 910 2598 nurnero
941 2533 1061 2617 plurali
1091 2552 1171 2598 usus
1201 2534 1253 2615 sit,
1284 2541 1399 2617 postea

225 2643 351 2708 occulte
375 2649 524 2708 transeat
546 2642 588 2708 ad
612 2641 820 2726 singularem.
866 2640 1031 2723 Imprimis
1054 2640 1116 2704 hcc
1147 2661 1315 2704 commune
1349 2646 1400 2704 est

225 2750 414 2834 Epicharmi
442 2770 591 2833 personae
622 2770 695 2812 cum
725 2749 869 2831 parasito
901 2747 1030 2831 qualem
1060 2745 1160 2811 habet
1183 2746 1330 2830 Eupolis,
1363 2752 1398 2811 ut

225 2858 454 2940 pauperrimus
478 2865 617 2938 uterque
641 2856 684 2920 sit
707 2861 805 2938 atque
829 2856 932 2938 inops.
979 2854 1042 2918 Ille
1065 2855 1117 2919 vel
1139 2853 1275 2918 lucerna
1306 2860 1398 2918 caret

224 2983 352 3026 necnon
377 2963 533 3044 stragulo,
557 2964 605 3027 ita
628 2968 665 3026 ut
688 2969 788 3027 noctu
810 2960 978 3050 ἄστρωτος
1002 2959 1107 3038 cubet,
1131 2961 1184 3025 hie
1207 2959 1317 3026 uilnisi
1334 2960 1398 3025 duo

226 3069 375 3132 universe
399 3067 499 3150 pallia
523 3068 623 3133 habet
646 3090 719 3151 quae
735 3091 863 3152 semper
881 3076 1006 3133 mutare
1025 3068 1117 3133 solet.
1153 3068 1272 3150 Itaque
1288 3068 1403 3151 inopia

226 3174 329 3254 pressi
353 3180 389 3238 ut
413 3175 579 3238 huminum
603 3175 758 3240 ditiorum
781 3176 982 3258 recipiantur
1005 3176 1039 3238 in
1069 3173 1246 3258 hospitium
1275 3196 1400 3239 eorum·

227 3299 289 3360 que
315 3301 402 3345 cenae
427 3303 523 3363 quam
549 3283 725 3365 saepissime
750 3283 877 3364 possint
901 3283 1058 3346 interesse
1083 3303 1208 3346 summa
1232 3282 1261 3344 vi
1292 3282 1400 3346 nitun-

227 3393 290 3449 tur.
330 3386 402 3450 Iam
425 3408 502 3451 vero
518 3389 653 3453 'ratione
677 3409 742 3471 qua
765 3389 798 3451 in
823 3389 909 3451 victu
933 3388 1086 3452 diuturno
1108 3388 1284 3471 quaerendo
1302 3395 1403 3451 utun-¹

226 3499 280 3555 tur
303 3493 383 3556 mire
407 3496 615 3558 consentiunt
639 3493 786 3577 exempla
808 3500 931 3558 nostra.
978 3494 1167 3576 Epicharmi
1191 3495 1277 3558 enirn
1301 3516 1395 3576 para·

226 3600 307 3662 situs
331 3600 364 3662 in
388 3601 534 3664 convivio
558 3599 669 3665 studet
698 3601 826 3687 χαρίεις
858 3621 929 3665 esse
960 3622 998 3664 ac
1029 3602 1137 3665 iocose
1171 3601 1266 3665 dictis
1297 3601 1405 3672 risum,

226 3726 354 3769 movere
378 3704 434 3789 (cf.
451 3728 480 3774 v.
498 3709 544 3790 3):
570 3706 788 3790 Eupolideum
803 3706 849 3770 ibi
865 3713 995 3789 oportet
1011 3707 1148 3772 facetias
1169 3706 1219 3770 vel
1242 3706 1396 3794 χαρίεντα

227 3809 333 3878 πολλοὶ
357 3811 462 3896 λέγειν
485 3814 527 3896 (ν.
556 3814 620 3898 12).
667 3813 730 3878 Ille
754 3813 891 3896 gratiam
922 3821 1105 3897 aucupatur
1137 3813 1275 3878 fautoris
1306 3813 1399 3877 blan-

227 3919 315 3983 ditiis
339 3926 372 3984 et
396 3921 673 3986 assentationibus
697 3927 730 3985 et
754 3921 896 3986 omnium
920 3942 992 4003 quae
1017 3921 1058 3986 ab
1083 3941 1121 3985 eo
1146 3922 1210 3985 siut
1227 3920 1401 3984 enuntiata·

226 4026 390 4091 laudando
426 4026 469 4111 (v.
494 4025 593 4093 4.τδν
623 4013 780 4092 ἱστιιῦντἸ
797 4023 964 4114 ἓπαινέιυ);
1000 4029 1053 4092 hic
1088 4026 1225 4111 quodvis
1259 4026 1404 4091 hominis

226 4133 372 4216 opulenti
397 4134 517 4199 dictum
542 4135 674 4200 summis
689 4134 839 4217 laudibus
857 4142 952 4200 ornat
974 4135 1016 4221 (v.
1035 4140 1054 4200 9
1078 4127 1137 4198 κόν
1153 4159 1185 4199 τι
1202 4130 1279 4220 τύχῃ
1295 4134 1395 4217 λέμου

227 4231 243 4302 ὃ
267 4239 422 4322 πλούταξ,
446 4241 532 4307 πάνυ
556 4241 641 4306 τοῦτ’
667 4239 814 4323 ἐπαινῶ).
