3240 4898
708 307 928 367 -54,νά

231 498 291 565 δ’ἕι
316 497 510 582 Διονύσοις),
536 499 777 581 quamoptimo
802 499 871 561 iure
897 497 1012 564 llcerte
1038 522 1110 564 cum
1135 498 1262 564 Cratini
1287 523 1402 566 comce-

233 609 287 673 dia
315 608 524 690 comparavit.
571 607 713 670 Eirmari
745 606 940 671 crediderim
972 608 1156 690 opinionem
1187 614 1332 672 nostram
1364 609 1403 674 de

232 716 356 799 origine
374 713 545 797 singularis
570 713 665 777 huius
691 713 935 778 consuetudinis
951 717 1180 800 πληθυντικῶς
1196 715 1404 799 inscribendi,

233 823 259 886 si
284 829 500 886 commentum
524 821 638 885 liceret
660 821 694 883 in
718 842 812 885 usum
835 827 981 884 nostrum
1007 828 1196 886 convertere
1216 820 1404 905 Gomperzii

232 929 288 1013 qui
314 929 333 994 l.
359 950 384 995 c.
410 934 440 1010 4,
469 931 483 991 1
511 927 654 992 fabulam
683 928 844 992 coniectat
869 927 1068 992 Rhinthonis
1093 929 1262 993 Tarentini
1286 952 1404 995 nomen

231 1036 369 1118 gessisse
383 1027 523 1120 'lodoicus
540 1035 580 1099 ab
597 1025 738 1120 Ἰοβάτης
752 1035 932 1099 derivatum
949 1026 1101 1118 (Ἰσβάτσς
1115 1034 1157 1099 G.
1172 1036 1404 1123 He1·mann)³')

232 1143 357 1208 addens
384 1166 478 1222 „man
503 1143 608 1206 denhe
632 1165 673 1206 an
699 1143 750 1205 die
772 1138 945 1229 Ἀρχίλσχσι
970 1143 1035 1206 und
1059 1134 1205 1229 Ὀὄσσσῆς
1236 1145 1405 1210 betitelten

232 1250 478 1314 Komoedieen.“
528 1251 595 1314 Res
620 1250 729 1333 dubia,
755 1250 894 1332 suspicio
918 1257 1028 1313 tamen
1052 1271 1116 1314 non
1140 1272 1274 1331 prorsus
1300 1273 1402 1316 remo-

232 1358 337 1423 venda
373 1370 421 1423 est
455 1357 677 1422 Rhinthonem
713 1379 842 1441 quoque
877 1358 963 1421 huuc
998 1357 1170 1439 pluraliter
1204 1358 1403 1424 inscribendi

232 1488 326 1529 usum
350 1485 506 1531 servasse.

248 1610 251 1615 <
320 1571 392 1636 lam
415 1572 448 1634 in
473 1571 536 1635 fine
562 1572 818 1636 commentarioli
836 1574 898 1636 moi
914 1573 1026 1655 paucis
1043 1578 1174 1655 tangam
1192 1573 1403 1655 quaestionem

233 1700 304 1761 quae
328 1700 394 1743 non
417 1679 508 1762 prius
531 1679 652 1761 poterit
676 1678 832 1760 expediri,
863 1701 958 1760 quarn
984 1680 1133 1745 Fortuna
1161 1680 1300 1764 benigne
1324 1682 1405 1745 inte-

233 1808 324 1870 gram
347 1785 439 1850 nobis
464 1785 548 1849 dono
566 1784 693 1848 dederit
709 1783 897 1867 Epicharmi
915 1785 1068 1852 fabulam.
1105 1787 1302 1851 Difficillime
1320 1789 1405 1852 enim

234 1893 412 1956 diiudicata
448 1898 498 1956 est
531 1899 668 1974 propter
702 1891 961 1955 testimoniorum
991 1892 1210 1976 exiguitatem,
1248 1902 1403 1977 quantum

232 2005 329 2081 poeta
346 1997 475 2064 Siculus
493 1999 648 2063 auxilium
666 1998 852 2063 adhibuerit
868 1998 909 2062 ad
926 2003 1013 2062 totas
1030 1997 1158 2064 fabulas
1176 2000 1404 2081 disponendas.

233 2103 321 2170 Cave
336 2111 497 2170 tamenne
512 2106 754 2172 similitudinem
768 2107 800 2168 in
814 2105 863 2169 his
877 2105 1007 2170 nimiam
1022 2106 1199 2191 arbitreris,
1216 2107 1313 2171 immo
1328 2129 1403 2173 vero

232 2213 311 2276 satis
325 2210 540 2295 discrepuisse
553 2215 743 2279 comoediam
756 2211 900 2278 Atticam
914 2213 1087 2277 verisimile
1101 2220 1150 2277 est
1162 2235 1182 2278 a
1195 2214 1404 2278 Doriensium

231 2320 382 2384 ludorum
406 2341 534 2405 genere,
568 2323 620 2386 cui
651 2322 754 2403 ipsum
781 2321 947 2384 comoediae
972 2341 1089 2384 nomen
1112 2321 1182 2384 iure
1215 2321 1404 2405 denegatur,
1457 2352 1462 2367 ·

232 2429 351 2510 quippe
369 2428 420 2492 cui
437 2428 554 2492 chorus
571 2428 684 2491 deerat
701 2428 829 2509 (Reich,
847 2428 969 2492 Mimus
984 2428 1003 2490 Ι
1020 2431 1083 2492 503
1101 2450 1157 2510 sq,
1179 2428 1404 2508 Wilamowitz,

232 2535 395 2600 Herakles
419 2533 458 2596 1¹
487 2538 558 2619 149,
584 2537 647 2617 53).
689 2536 889 2618 Ceteroquin
914 2535 1098 2598 fabularum
1115 2535 1404 2615 Epicharmearum

233 2643 496 2725 compositionem
526 2642 727 2727 ignoramus,
763 2642 842 2706 licet
874 2664 929 2706 eas
961 2642 1127 2706 breviores
1157 2648 1262 2724 putes,
1294 2664 1406 2725 quam·

235 2771 332 2831 quam
362 2770 404 2812 ne
438 2749 478 2812 de
509 2748 633 2812 ambitu
671 2748 802 2831 quidem
838 2770 972 2830 operum
1009 2749 1090 2812 certi
1126 2748 1204 2830 quid
1240 2749 1404 2813 enucleari

232 2861 341 2938 potest
364 2855 603 2937 (Wilamouitz,
628 2854 648 2918 l.
675 2877 701 2923 c.
727 2856 801 2919 adn.
828 2858 893 2940 52).
941 2856 981 2918 ln
1011 2856 1196 2918 universum
1220 2855 1403 2920 fabularum

233 2967 429 3026 structuram
469 2960 696 3044 simpliciorem
734 2962 833 3026 fuisse
873 2969 971 3044 atque
1012 2962 1052 3026 ab
1093 2961 1270 3026 artificiosa
1308 2984 1404 3045 quarn

234 3067 360 3151 Grysar
384 3068 459 3131 olim
485 3067 729 3151 deprehendere
754 3069 815 3132 sibi
840 3070 927 3132 visus
960 3075 1030 3133 erat
1062 3069 1296 3151 compositione
1328 3069 1405 3134 alie·

232 3177 398 3240 nissimam
422 3175 619 3239 credendum
644 3183 694 3241 est
717 3175 767 3258 (cl.
792 3176 930 3255 Hauler,
957 3176 1068 3239 Xenia
1089 3174 1266 3239 Austriaca
1290 3198 1320 3258 p.
1340 3178 1404 3258 92).

234 3283 314 3366 Quae
348 3282 388 3346 de
412 3283 611 3364 Epicharmo
642 3284 754 3346 laudat
785 3284 1015 3366 grammaticus
1046 3281 1100 3345 ille
1131 3282 1207 3367 περὶ
1237 3281 1407 3367 κισμιιιιδίσις

232 3390 368 3475 (Kaibel
391 3413 422 3473 p.
449 3392 496 3472 7):
526 3379 617 3466 οὗτος
641 3398 769 3474 ιιριῦισς
791 3390 846 3474 τήν
869 3388 1042 3475 κωμῳδίαι
1066 3388 1288 3476 διερριμμένην
1311 3381 1405 3453 ciran-

232 3500 349 3584 cijionco
391 3496 497 3564 πολλὰ
536 3495 868 3584 ιιρσσφιλστεχιιίσας,
918 3504 1067 3562 nostrum
1107 3497 1225 3561 docent
1264 3498 1403 3579 primurn

233 3628 346 3670 scenas
370 3606 443 3670 illas
467 3606 618 3684 ludicras,
644 3606 854 3669 Doriensium
884 3627 964 3686 quas
997 3605 1146 3688 proprias
1176 3605 1276 3669 fuisse
1308 3627 1406 3688 supra

232 3713 379 3788 vidimus
405 3713 447 3777 ad
471 3714 576 3777 minus
601 3713 783 3794 dispersam
800 3712 964 3792 redegisse
982 3711 1248 3792 compositionem
1266 3712 1401 3793 singulis

232 3820 415 3884 actionibus
441 3821 526 3884 inter
550 3842 620 3883 sese
646 3820 808 3887 connexis¹
849 3819 902 3882 lta
927 3818 1057 3900 quidem
1084 3817 1281 3900 Bernhardy.
1309 3819 1404 3882 Litt-

233 3924 355 3996 Gesch.
380 3927 418 3990 Π
443 3931 462 3990 2
487 3950 517 4010 p.
536 3930 600 3991 523
625 3927 730 3990 locum
755 3927 883 3990 videtur
908 3926 970 3989 sibi
996 3925 1206 4008 explicavisse
1234 3948 1318 4008 „uvas
1343 3947 1405 3989 nur

232 4033 394 4098 bedeutcn
420 4034 522 4098 kann:
548 4033 600 4097 die
616 4033 790 4097 Komoedie
816 4033 979 4097 verdanlre
1004 4033 1077 4096 (lem
1094 4032 1311 4115 Epicharmus
1334 4033 1405 4097 eine

232 4139 468 4206 hiinstlerisehe
503 4139 662 4223 Haltung,
699 4141 740 4204 da
777 4142 823 4205 sie
858 4140 968 4205 bisher
1003 4142 1036 4203 in
1072 4140 1406 4205 autoschediastische

321 4283 356 4350 31)
376 4282 477 4336 Oorrtra
497 4281 596 4334 Kaibel
615 4300 641 4353 p.
656 4284 706 4337 185
726 4281 881 4338 Herodiani
901 4286 1010 4337 secutus
1030 4282 1219 4336 testimonium
1233 4283 1405 4351 Εὐνοβάιαι.
