3240 4898
703 328 919 389 „13-

224 542 288 602 quo
306 518 546 602 Aristophanes
571 520 610 584 de
635 521 801 584 comoediae
819 542 886 584 suae
904 522 1054 585 castitate
1071 521 1199 586 locutus
1216 544 1243 585 v.
1263 526 1326 586 537
1346 543 1393 604 sq.

223 626 404 692 hariolatur

332 761 376 844 ιῦς
399 768 430 832 δὲ
455 767 596 855 σαίιγριον
619 766 689 832 ἐστὶ
714 767 820 855 φύσει,
846 760 1012 852 σκέψασθ’
1036 763 1107 855 ᾕνις
1130 778 1243 854 νιριῦια
1266 774 1324 851 μέν

332 886 420 956 οὐδέν
444 881 526 978 ἦλθε
549 893 720 979 ῥαψαμένη
744 893 889 957 σκίτινσν
912 898 1114 975 καθειμένον,

332 995 470 1086 ἐρυθρὸν
494 997 529 1079 έξ
552 992 660 1085 οἷκροῦ,
685 998 783 1080 ιιαχύ,
807 1011 876 1076 τοῖς
901 999 1045 1075 παιδίοις
1066 991 1108 1063 ἵν)
1131 989 1149 1086 ᾗ
1175 1001 1288 1085 γέλως.

226 1142 282 1206 ubi
299 1143 419 1224 optime
438 1141 568 1205 exhibet
584 1142 773 1207 scholiasta:
799 1140 947 1228 εἰσῄεσαν
969 1140 1030 1227 γὰρ
1055 1140 1085 1205 οἱ
1109 1144 1246 1224 κωμικοὶ
1263 1142 1396 1222 διεζωσ-

223 1252 316 1330 μένοι
349 1247 576 1333 δερματινα
609 1247 761 1318 αἰδοῖα.
808 1250 943 1314 Eisdem
967 1250 1075 1314 verbis
1113 1251 1276 1332 designari
1308 1252 1396 1316 vides

225 1357 396 1420 mimorum
427 1357 578 1420 vestitum
609 1358 778 1420 scurrilem
809 1357 860 1420 vel
895 1358 1008 1439 quinto
1044 1380 1074 1440 p.
1108 1355 1186 1421 Chr.
1216 1358 1334 1422 saeculo
1363 1360 1397 1422 in

225 1462 346 1528 scholio
371 1463 413 1526 ad
438 1461 635 1548 Gregorium
651 1463 893 1528 Nazianzenum
918 1485 937 1527 a
960 1465 1097 1528 Reichio
1123 1463 1157 1549 (I
1182 1465 1260 1550 502)
1285 1465 1397 1529 adum-

226 1571 320 1635 brato
346 1571 400 1633 ubi
423 1571 560 1654 legimus
584 1571 660 1655 περὶ
690 1569 723 1634 δὲ
753 1578 813 1636 τοῦ
846 1571 968 1657 φαλλοῦ
1001 1564 1058 1658 ἤδη
1090 1569 1257 1657 εἰρήκαμεν
1288 1569 1320 1635 έν
1350 1581 1397 1657 τῷ

225 1675 345 1762 notite}
369 1675 464 1762 λόγῳ,
490 1671 540 1742 ὅτι
563 1669 753 1762 ιίκοίίίαρτός
776 1702 826 1754 τις
848 1667 885 1760 ἦν
909 1676 1073 1745 αἰδοῖον
1104 1677 1182 1759 έχων
1205 1677 1345 1762 αἰσχρόν,
1370 1669 1396 1764 ᾧ

224 1781 370 1864 ὁμοιοῦσι
403 1791 456 1848 νῦν
487 1782 517 1848 οἱ
548 1795 644 1866 μῑριοι
674 1779 933 1872 δερμάτινον,
964 1780 981 1850 ὅ
1016 1786 1147 1849 καλοῦσι
1179 1783 1393 1872 φαληνιίριον.

223 1890 278 1954 καὶ
301 1898 396 1954 τοῦτο
424 1888 549 1972 ἔχουσιν
580 1888 612 1956 έν
642 1903 711 1968 τοῖς
736 1894 932 1969 Διονυσίοις,
966 1900 1140 1980 φοροῦντες
1171 1889 1203 1957 έν
1231 1896 1397 1976 παιγνίοις

222 1997 287 2061 καί·
334 1997 452 2081 Itaque
477 2019 534 2062 suo
559 2000 629 2063 iure
655 1997 790 2064 Crusius
813 2001 942 2079 videtur
966 1999 1109 2063 iudicare
1141 2000 1220 2077 „auf
1240 2001 1292 2063 ein
1317 2000 1395 2064 thn-

223 2104 324 2169 liches
349 2104 491 2168 Kostiim
515 2105 637 2169 konnte
660 2128 736 2169 man
761 2107 813 2170 die
829 2106 1100 2189 Epicharmstelle
1124 2107 1309 2190 beziehen‚“
1337 2109 1395 2172 sed

223 2211 316 2276 valde
341 2213 474 2276 dubium
500 2219 548 2277 est
565 2213 652 2295 quod
668 2214 743 2277 inrle
761 2214 926 2278 concludit
948 2213 1040 2292 „dem
1057 2213 1254 2278 vornehmen
1271 2215 1394 2280 Manne

222 2319 343 2383 ko'nnte
376 2341 451 2383 man
482 2321 553 2383 eine
583 2320 733 2384 Polemik
764 2342 867 2405 gegen
899 2322 987 2384 seine
1018 2321 1239 2404 plebejischen
1269 2321 1394 2386 Kunst-

222 2447 382 2508 genossen
398 2426 510 2490 -die
534 2427 845 2508 improvisierenden
870 2423 1017 2512 φλίακες,
1043 2427 1142 2491 rleren
1167 2426 1311 2490 Treiben
1334 2448 1394 2491 uns

224 2531 276 2596 die
301 2554 363 2596 von
387 2531 495 2614 Heyd.
521 2535 752 2617 gesammelten
769 2533 989 2599 Vasenbildcr
1012 2533 1196 2615 lebendigst
1219 2554 1393 2616 vergegen·

223 2640 379 2724 wartigon
396 2677 437 2684 —
456 2640 540 2703 wohl
555 2646 744 2706 zutrauen.“
770 2640 940 2704 Invectum
964 2661 1035 2704 esse
1057 2646 1206 2704 nostrum
1222 2640 1256 2702 in
1272 2660 1393 2703 morem

223 2745 314 2809 illum
350 2747 518 2810 scurrilem
553 2768 570 2810 e
602 2747 728 2811 duobus
753 2769 824 2829 quae
849 2753 1024 2829 supersunt
1048 2747 1155 2810 verbis
1178 2746 1267 2809 nullo
1297 2752 1393 2828 pacto

223 2851 376 2934 efficitur3
394 2853 453 2918 sed
468 2856 574 2936 potuit
592 2875 844 2918 commemorare
862 2875 988 2917 necnon
1006 2854 1195 2918 ioculariter
1211 2859 1393 2917 monstrare

223 2961 473 3024 instrumentum
498 2961 684 3046 phallioum‚
710 2962 794 3025 sicut
818 2961 963 3025 crebrius
987 2960 1024 3025 fit
1046 2961 1079 3025 in
1104 2960 1264 3026 comoedia
1281 2959 1394 3024 Attica

224 3068 368 3148 antiqua.
426 3067 466 3131 cf.
499 3066 559 3134 Ar.
590 3067 668 3150 Lys.
701 3071 765 3133 985
799 3069 856 3133 ubi
886 3069 1043 3151 probulus
1078 3069 1259 3132 membrum
1295 3068 1394 3153 legati

221 3173 543 3238 Lacedaemoniorum
568 3175 694 3238 hastam
719 3175 879 3258 appellat:

417 3308 557 3380 κίίνιειτα
580 3314 654 3401 δόρυ
677 3308 752 3402 δῆθ’
775 3314 839 3381 ὑπὸ
861 3316 967 3403 μιίίης
989 3310 1074 3402 ἥκεις
1098 3315 1197 3398 ’έχιονς

220 3464 318 3542 atque
342 3459 475 3541 paulum
498 3459 585 3522 infra
608 3459 736 3542 phallus
760 3459 991 3543 intelligendus
1008 3466 1058 3525 est
1074 3461 1133 3525 sub
1152 3461 1261 3542 clava3
1286 3483 1313 3524 v.
1329 3463 1389 3524 991

426 3596 459 3656 τί
482 3583 582 3657 δ’ἔστί
605 3612 658 3656 σοι
682 3592 765 3672 τοόί;
790 3631 831 3639 -
856 3591 997 3657 σκυτάλα
1019 3591 1194 3659 λαιιονικοί.

221 3727 334 3805 (schol.
360 3725 397 3791 τὸ
420 3724 542 3791 αἰδοῖον
565 3725 725 3810 δείκνυσι).
773 3725 880 3810 Quam
903 3727 1086 3810 propinqua
1113 3728 1306 3809 cognatione
1338 3726 1392 3790 hio

220 3833 312 3898 iocus
335 3833 524 3916 Epicharmi
548 3836 688 3918 attingat
711 3838 806 3918 γέρρα
830 3831 938 3910 Ναξια
961 3840 1098 3916 apparet
1126 3853 1254 3897 necnon
1283 3835 1393 3918 γέρρον

222 3962 281 4022 pro
305 3942 449 4006 membro
473 3941 596 4006 dictum
620 3942 759 4007 fortasse
785 3942 944 4007 simillime
968 3946 1099 4024 poterat
1124 3940 1247 4024 excipi3
1276 3962 1392 4023 nempe

222 4049 317 4131 γέρρα
343 4050 450 4134 „acuti
473 4050 560 4132 pali“
588 4055 663 4113 sunt
687 4050 788 4114 erecti
805 4049 922 4132 quibus
938 4046 1079 4131 praefixis
1097 4054 1205 4113 castra
1220 4048 1391 4112 munibant

220 4153 274 4235 (cf.
302 4153 457 4220 Pherecr.
482 4156 521 4222 fr.
550 4160 587 4220 17
613 4159 737 4243 γέρροις
759 4147 1038 4242 αἰιοσιαυροῦνιαι
1061 4160 1095 4220 et
1117 4155 1236 4238 Eupol.
1261 4153 1301 4220 fr.
1326 4155 1390 4216 405

221 4262 346 4347 γέρροιν
377 4253 625 4349 ἀποσταυροῦν).
672 4263 725 4328 De
757 4285 855 4328 sensu
885 4262 1107 4346 metaphorice
1137 4261 1271 4326 uberius
1302 4259 1392 4342 loqui
