3240 4898
788 768 816 834 Ι.

308 949 513 1014 (lomicorum
545 948 733 1014 Atticorum
769 946 887 1010 fabulae
922 945 1070 1009 similiter
1103 951 1201 1027 atque
1232 944 1391 1008 comoedia

218 1058 344 1123 Dorica
375 1058 520 1122 actiones
556 1064 689 1139 captare
722 1056 828 1121 solent
859 1054 1072 1135 simpliciores
1102 1052 1246 1134 vilesque
1279 1052 1392 1134 quales

217 1165 391 1230 cotidianae
416 1166 490 1228 ritae
520 1186 598 1228 usus
631 1162 799 1228 offerebat.
848 1159 1140 1243 Phlyacographiae
1175 1160 1260 1223 enim
1293 1159 1391 1223 cardo

217 1273 381 1356 praecipue
406 1273 534 1336 videtur
557 1271 681 1335 versari
705 1273 736 1332 in
762 1268 927 1333 erroribus
951 1268 1101 1349 vitiisque
1127 1289 1199 1349 quae
1228 1268 1261 1330 in
1291 1267 1392 1331 homi-

216 1403 295 1444 num
320 1379 465 1443 moribus
488 1379 594 1461 posita
618 1383 694 1442 sunt
718 1375 915 1454 deridendis,
941 1396 1014 1438 cum
1035 1374 1183 1460 plurimae
1201 1396 1281 1457 quas
1297 1381 1392 1439 notas

218 1487 377 1552 habemus
411 1487 548 1568 picturae
585 1484 771 1549 vasculares
807 1481 992 1546 huiusmodi
1024 1488 1261 1563 repraesentare
1293 1481 1393 1545 velint

219 1615 334 1658 scenas
350 1593 510 1656 ioculares
524 1592 754 1676 (Heydemann
768 1614 799 1673 p.
814 1589 903 1673 268).
929 1588 981 1652 De
999 1589 1158 1653 comoedia
1174 1589 1392 1672 Epicharmea

220 1701 348 1764 difficile
373 1699 462 1763 dictu
480 1706 528 1762 est
545 1720 714 1781 quousque
731 1699 793 1761 hoc
809 1697 937 1760 iocandi
954 1717 1071 1777 genere
1089 1717 1149 1760 usa
1166 1698 1216 1778 sit,
1241 1696 1390 1778 quoniam

219 1816 286 1874 tam
312 1807 429 1889 exigua
453 1806 493 1869 ad
518 1827 578 1870 nos
601 1811 821 1888 pervenerunt
845 1810 943 1887 poetae
960 1802 1061 1867 Siculi
1086 1803 1277 1887 fragmenta.
1313 1798 1391 1883 Qui-

219 1916 280 1981 bus
305 1915 337 1977 in
362 1913 507 1995 reliquiis
532 1934 597 1977 non
623 1912 741 1977 desunt
765 1918 873 1976 tamen
899 1911 973 1975 talis
996 1911 1230 1975 ludificationis
1247 1910 1391 1993 vestigia,

219 2020 483 2103 frequentissima
501 2020 625 2084 suntin
641 2019 800 2084 comoedia
817 2016 931 2081 Attica
947 2018 1091 2100 antiqua.
1127 2019 1235 2086 Velim
1253 1997 1393 2082 altimum

219 2127 374 2192 attendas
397 2126 440 2190 ad
465 2147 578 2190 scenas
602 2126 676 2191 illas
699 2126 842 2190 ludicras
866 2126 900 2188 in
917 2124 1035 2188 fabulis
1053 2123 1305 2208 Aristophaneis
1321 2131 1396 2207 post

221 2234 408 2316 parabasim
433 2235 522 2313 sitas,
556 2234 595 2297 de
621 2233 738 2316 quibus
771 2233 977 2316 sagacissime
1010 2233 1077 2315 egit
1099 2231 1339 2315 Poppelreuter
1362 2233 1394 2294 in

222 2339 462 2405 dissertationis
495 2341 535 2404 de
568 2340 734 2405 commdiae
767 2339 886 2403 Atticae
918 2339 1104 2422 primordiis
1137 2338 1261 2422 (Berol.
1297 2338 1395 2421 1893)

222 2446 385 2529 particula
410 2448 514 2512 altera
537 2471 568 2530 p.
595 2451 635 2511 23
662 2469 731 2530 sqq.
780 2444 842 2510 Oui
866 2445 1033 2509 comoediae
1058 2446 1145 2527 parti
1177 2445 1210 2507 id
1242 2452 1290 2509 est
1321 2467 1394 2527 pro-

223 2554 330 2637 prium
351 2560 387 2618 ut
403 2554 568 2617 nonnullae
585 2575 733 2636 personae
751 2553 864 2635 quales
880 2552 912 2613 in
929 2551 1015 2614 ludis
1031 2550 1243 2632 popularibus
1260 2552 1395 2614 introire

223 2661 330 2725 solent
353 2659 467 2724 ordine
492 2661 598 2725 soluto
623 2660 842 2741 proferantur.
878 2658 995 2720 Artem
1018 2656 1264 2736 mimologorum
1282 2677 1395 2737 sapere

223 2767 346 2832 hancce
382 2765 500 2830 fabulae
536 2765 744 2829 instituendae
780 2765 950 2844 rationem,
987 2783 1058 2843 quae
1094 2761 1127 2823 in
1161 2759 1395 2842 Aristophanis

224 2871 495 2937 Acharnensibus
527 2872 614 2935 Pace
651 2870 779 2935 Avibus
814 2868 1050 2933 Ecclesiuzusis
1082 2866 1180 2929 Pluto
1216 2864 1253 2929 fit
1289 2865 1394 2944 obvia,

224 2980 297 3043 luce
330 2979 449 3042 clarius
480 2985 544 3059 est,
579 2998 695 3059 nempe
720 2976 862 3040 Athenis
894 2995 1023 3057 quoque
1053 2974 1167 3036 mimos
1198 2972 1331 3056 γελοίων
1362 2973 1396 3036 in

224 3086 350 3151 deliciis
364 3084 462 3148 fuisse
475 3084 570 3149 facile
584 3084 744 3149 concedes
757 3083 811 3165 (cf.
826 3082 928 3147 Reich
942 3083 960 3146 I
975 3085 1037 3145 313
1053 3103 1100 3163 sq.
1117 3083 1179 3144 686
1194 3083 1287 3163 sqq).
1314 3079 1396 3163 Quae

224 3213 374 3276 personae
400 3191 551 3256 scurriles
575 3191 616 3256 ab
641 3189 865 3273 Aristophane
889 3190 1073 3273 illustratae,
1099 3188 1224 3253 scilicet
1247 3189 1397 3271 agricolae

226 3299 312 3364 servi
338 3298 525 3364 venditores
555 3298 780 3381 fabricatores,
812 3298 967 3381 proximae
998 3297 1038 3361 iis
1069 3297 1221 3361 videntur
1252 3301 1398 3379 cognatae

226 3428 309 3491 quas
333 3405 420 3490 apud
444 3406 624 3471 Dorienses
647 3406 680 3470 in
705 3428 766 3470 usu
790 3405 891 3470 fuisse
917 3405 1151 3469 demonstravit
1165 3402 1333 3484 Zielinski,
1358 3401 1398 3466 de

227 3513 393 3578 comoediae
418 3512 549 3577 Doricae
584 3515 733 3597 personis
769 3511 919 3598 (Quaest.
945 3534 1026 3577 com.
1048 3516 1089 3577 37
1113 3510 1208 3594 sqq),
1257 3508 1398 3574 Omnino

227 3641 342 3684 scenas
378 3620 457 3683 istas
494 3619 676 3702 episodicas
711 3621 924 3684 Doriensinm
959 3619 1045 3683 ludis
1084 3619 1241 3700 originem
1281 3615 1398 3678 debere

227 3727 495 3791 coniectaverunt
533 3728 599 3790 iam
637 3725 807 3809 Zielinski,
854 3724 1057 3808 Gliederung
1096 3724 1153 3787 der
1191 3721 1399 3787 altattischen

228 3832 412 3898 Komoedie
447 3857 478 3916 p.
515 3837 590 3915 244,
625 3833 763 3914 Zacher,
800 3831 1069 3896 Wochenschrift
1100 3829 1121 3892 f.
1152 3828 1250 3891 klass.
1279 3824 1398 3889 Philol.

232 3942 315 4005 1886
339 3962 372 4023 p.
399 3944 480 4004 1611
508 3963 566 4023 sq,
591 3939 830 4022 Poppelrenter
854 3961 885 4021 p.
911 3942 953 4002 44
978 3959 1026 4019 sq.
1060 3935 1192 3999 Etenim
1216 3955 1281 3996 non
1306 3931 1400 3996 abest

229 4047 371 4129 suspicio
396 4048 474 4129 quin
498 4068 603 4110 scenae
627 4045 667 4108 de
692 4045 810 4127 quihus
834 4045 942 4128 agitur
965 4041 1101 4105 ludicrae
1118 4047 1284 4121 tamquam
1302 4039 1400 4101 inter-
