3240 4898
699 302 921 363 „42-

218 494 357 558 ·ludendi
394 494 450 578 qui
488 493 723 577 Aristophanis
768 493 896 559 fabulas
939 494 1085 580 legentes
1126 493 1304 578 'tantopere
1338 517 1398 560 nos

227 600 426 666 delectat-
444 601 630 666 meminisse
653 602 743 665 iuvat
761 602 966 687 Δημακίδιον
981 602 1066 685 Equ.
1085 604 1149 667 823
1174 608 1206 666 et
1231 602 1399 687 Δημίδιον

221 707 264 776 ib.
293 710 365 788 726,
408 711 502 790 1199,
537 705 704 796 Ἑρμίδιον
738 708 816 772 Pac.
849 711 924 790 382,
962 712 1035 789 924,
1074 705 1275 797 Εὐριπίδιον
1309 707 1394 772 Aeh.

220 816 299 896 404,
336 817 411 896 475,
450 814 701 896 Λαμαχίππιον
738 812 824 879 Aah.
859 818 954 900 1207,
993 815 1177 888 Ξανθίδιον
1207 816 1290 882 Ran.
1323 818 1396 890 582,

220 920 446 1008 Σωκρατίδιον
468 921 557 986 Nub.
582 924 657 1004 222,
683 925 756 1002 237,
784 925 864 1003 746,
884 922 1128 990 Φειδιππίδιον
1150 922 1193 989 ib.
1212 926 1253 987 80
1279 932 1319 969 '—
1345 943 1397 986 oo·

219 1028 325 1092 ourrit
355 1029 419 1092 iam
450 1028 537 1109 apud
568 1029 802 1112 Epicharmum
832 1026 905 1112 (frg.
933 1030 1026 1113 142);
1059 1026 1348 1117 Πριαμιλλύδριον
1379 1050 1398 1092 a

220 1135 379 1222 ’Πρίαμος
413 1135 561 1217 ductum3
601 1135 673 1218 ipsa
708 1136 795 1200 vocis
829 1136 1017 1200 terminatio
1053 1133 1235 1200 Siculorum
1272 1135 1399 1200 videtur

223 1241 356 1324 propria
380 1240 495 1324 fuisse3
520 1241 560 1306 of.
586 1238 782 1329 οκιφύδριον
804 1241 867 1325 Ep.
893 1240 953 1326 frg.
979 1245 1031 1323 42,
1055 1238 1233 1328 μελύδριον
1256 1240 1396 1306 Theocr.

220 1351 253 1427 -7,
279 1351 330 1428 51,
355 1346 529 1436 χερύδριον
551 1347 677 1413 Mosoh.
702 1351 733 1425 2,
761 1351 812 1413 13.

223 1490 228 1496 -
311 1454 462 1520 Excellet
486 1455 644 1519 comoedia
667 1454 886 1538 Epicharmea
909 1456 942 1518 in
967 1455 1148 1538 proverbiis
1172 1456 1311 1520 orationi
1343 1455 1398 1521 ad·

220 1561 332 1625 mixtis
367 1561 545 1644 (Weloker‚
583 1561 639 1628 Κλ.
672 1559 838 1626 Schriften
867 1561 887 1624 I
917 1565 991 1643 317,
1027 1562 1156 1626 Lorenz
1183 1565 1255 1641 133,
1292 1561 1396 1643 Diels,

222 1667 482 1733 Vorsokratiker
506 1672 561 1747 91)
586 1669 823 1751 sententiisque
847 1689 985 1751 quarum
1008 1668 1182 1733 nonnullas
1205 1670 1238 1732 in
1268 1667 1396 1733 fabulas

221 1772 353 1840 Atticas
392 1773 524 1839 fluxisse
564 1795 659 1858 spero
694 1775 763 1840 fore
797 1781 834 1838 ut
868 1775 927 1838 tibi
962 1775 1191 1840 demonstrem.
1237 1775 1325 1839 Nam
1360 1777 1396 1838 in

223 1881 458 1946 Ecclesiazusis
493 1882 725 1964 Praxagoram,
772 1903 845 1945 oum
884 1882 931 1946 rei
969 1881 1108 1964 publicae
1144 1883 1311 1964 angustias
1349 1883 1397 1947 ita

225 1987 360 2053 denotet
383 2011 410 2053 v.
440 1992 500 2053 109

429 2125 485 2188 νῦν
507 2121 566 2205 μὲν
590 2119 650 2210 γάρ
676 2120 750 2188 οὔτε
774 2122 896 2205 δέομεν
920 2120 987 2188 οὔτ’
1013 2119 1188 2204 ἐλαύνομεν

108 2254 112 2262 “
223 2249 430 2329 proverbium
454 2247 616 2331 quoddam
641 2248 674 2312 in
699 2270 791 2312 usum
817 2270 908 2312 suum
940 2255 1130 2313 convertere
1161 2255 1271 2313 monet
1304 2247 1395 2312 soho·

223 2342 335 2418 liasta:
360 2352 451 2441 παρὰ
473 2352 530 2441 την
554 2355 737 2442 παροιμίαν

436 2484 502 2555 ὅκκ’
527 2485 684 2577 ἀργύριον
707 2481 736 2577 ᾗ,
762 2487 868 2556 πάντα
891 2496 951 2557 δεῖ
974 2484 1176 2576 κηλαιίνεται.

223 2612 347 2676 Kaihel
382 2613 442 2678 hoo
478 2613 598 2678 dictum
636 2635 676 2678 ex
711 2615 898 2698 Epicharmi
934 2615 1103 2679 sententiis
1134 2612 1287 2677 'haustum
1325 2634 1395 2678 esse

225 2720 425 2784 existimans·
446 2719 519 2803 (frg.
545 2721 625 2805 216)
649 2743 669 2785 a
693 2742 769 2786 vero
793 2721 846 2784 vix
870 2722 1086 2787 aberraverit:
1122 2718 1280 2784 dialectus
1311 2721 1396 2783 enirn

223 2824 347 2890 Dorica
371 2835 508 2908 apparet
531 2827 565 2890 in
589 2822 675 2894 ὅκκα.
722 2827 764 2892 Ιη
795 2827 931 2892 eandem
962 2826 1040 2890 mihi
1069 2825 1284 2907 suspicionem
1309 2826 1397 2889 venit

223 2929 376 2996 Cratinus
401 2934 456 3015 qui
479 2932 540 3016 frg.
568 2937 629 2998 199

458 3063 548 3155 ὕδωρ
574 3066 610 3135 δὲ
634 3066 739 3132 πίνων
763 3063 858 3134 οὐδὲν
881 3063 919 3133 ἂν
941 3065 1028 3133 τέκοι
1053 3063 1155 3154 σοφόν

222 3206 344 3282 poetam
367 3200 448 3265 nihil
472 3201 505 3263 in
530 3206 600 3264 arte
626 3221 684 3264 sua
709 3207 960 3265 consecuturum
984 3200 1122 3264 affirmat
1151 3200 1214 3264 nisi
1247 3201 1318 3263 vino
1349 3200 1397 3263 in-

223 3305 439 3390 flammatum
462 3328 579 3390 nempe
603 3305 710 3371 locum
734 3308 780 3371 sio
805 3328 876 3372 esse
900 3307 1182 3390 interpretandum
1199 3307 1396 3390 epigramma

222 3412 304 3477 illud
328 3414 422 3478 docet
446 3413 479 3476 in
497 3411 670 3478 Cratinum
694 3413 907 3496 compositum
933 3414 1020 3497 quod
1043 3413 1137 3478 nobis
1161 3414 1247 3477 hunc
1269 3435 1395 3478 versum

221 3521 364 3585 servavit
388 3519 476 3603 apud
500 3520 622 3586 Athen.
647 3521 685 3584 H
709 3524 750 3586 39
776 3543 792 3586 o

360 3656 469 3744 ,οἶνός
492 3689 543 3730 τοι
568 3666 713 3752 χαρίεντι
738 3662 832 3731 πέλει
856 3660 958 3743 ταχύς
980 3661 1089 3736 ἵππος
1112 3658 1231 3747 οἷοιδηῖ·

438 3768 527 3859 ὕδωρ
552 3770 588 3838 δὲ
612 3772 717 3838 πίνων
740 3761 833 3839 odota
856 3767 894 3836 ἂν
916 3769 1003 3837 τὲκοι
1028 3767 1160 3859 οοφόν.“

227 3904 231 3913 ·
352 3876 443 3943 ταῦτ’
468 3875 585 3961 ἔλεγεν,
611 3875 763 3955 Διόνυσε,
787 3879 841 3943 καὶ
865 3875 978 3944 ἔπνεεν
1001 3873 1061 3956 οὐχ
1084 3873 1156 3949 ἑνός
1178 3872 1279 3942 αόκοῦ

437 3991 611 4072 Κρατῖνος,
635 3981 718 4051 <itio
741 3981 863 4057 παντὸς
888 3979 1031 4056 ιδδαιδολς
1054 3982 1172 4053 πίθον.

222 4125 361 4191 Poterat
383 4128 430 4191 ita
453 4127 555 4191 iocari
578 4134 677 4210 poeta
700 4133 812 4192 noster
837 4122 1024 4212 φιλοπότης
1047 4125 1081 4188 in
1104 4124 1221 4208 Pytine
1252 4141 1395 4204 purgans

224 4253 296 4296 sese
321 4234 360 4297 de
385 4233 568 4299 vinositatis
593 4234 779 4317 opprobrio.
820 4231 885 4298 Sed
909 4233 1005 4316 plane
1030 4229 1167 4296 eandem
1182 4229 1246 4293 iam
1264 4232 1393 4293 senten·
