3240 4898
690 960 871 1026 CAPUT
906 962 934 1026 I.

288 1281 532 1363 Comoedia
562 1283 724 1363 Attica
753 1282 863 1383 quid
891 1284 1131 1365 veteribus
1161 1282 1332 1364 debeat

597 1434 713 1515 iocis
743 1435 1031 1517 scurrilibus,

314 1646 473 1713 Ornatum
490 1649 685 1713 histrionum
697 1647 886 1712 Atticorum
903 1649 1014 1731 quales
1028 1647 1260 1732 Aristophanis
1274 1656 1400 1732 tempo·

223 1755 312 1819 ribus
347 1757 381 1818 in
417 1777 514 1819 scena
548 1755 690 1838 agebant
724 1756 811 1819 haud
847 1756 989 1820 alienum
1022 1754 1121 1819 fuisse
1156 1777 1176 1820 a
1209 1777 1396 1820 scurrarum

224 1862 476 1926 Tarentinorum
500 1864 620 1926 vestitu
644 1863 796 1927 obscoeno
814 1863 935 1945 optime
953 1845 1185 1926 demonstravit
1205 1860 1248 1925 A.
1268 1862 1398 1939 Koerte,
1428 1938 1433 1952 ,

223 1966 521 2050 Archaeologische
557 1968 696 2034 Studien
731 1990 788 2032 zur
823 1969 912 2033 alten
942 1968 1125 2032 Komoedie
1156 1966 1272 2051 (Arch.
1297 1969 1398 2033 Jahr-

223 2075 310 2139 buch
334 2074 424 2141 VIII
451 2078 534 2139 1893
559 2098 590 2158 p.
616 2080 654 2140 61
683 2083 775 2158 sqq.).
817 2077 847 2138 Ε
873 2074 1035 2138 nonnullis
1060 2075 1144 2138 enim
1167 2075 1247 2139 locis
1267 2074 1398 2140 Aristo·

223 2181 359 2263 phaneis
384 2181 520 2246 efficitur
544 2189 694 2246 ornatum
711 2182 889 2258 scurrilem,
914 2203 1010 2263 quem
1027 2202 1066 2244 ex
1083 2181 1222 2246 vasculis
1239 2182 1392 2245 fictilibus

222 2287 409 2352 Tarentinis
423 2295 535 2352 notum
556 2288 750 2374 habemusssl,
763 2287 873 2370 phallu
890 2289 1058 2370 insignem,
1076 2288 1259 2367 abdomine,
1276 2288 1394 2371 podice

222 2395 418 2477 ingentibus,
453 2393 595 2459 Athenis
631 2416 762 2478 quoque
792 2395 1039 2459 usitatissimum
1070 2394 1180 2473 fuisse,
1212 2395 1390 2477 itidemque

223 2502 377 2565 amictum
400 2502 487 2565 hunc
512 2502 708 2586 singularem
732 2503 824 2586 signa
848 2501 962 2565 fictilia
985 2507 1143 2584 praestant
1166 2501 1238 2584 plus
1263 2507 1390 2565 centum

223 2629 350 2672 necnon
373 2609 548 2674 histriones
574 2609 693 2692 depicti
717 2609 840 2673 vasculi
864 2608 968 2672 Attici
993 2608 1060 2691 (no.
1088 2613 1102 2673 1
1129 2608 1245 2673 Koerte
1270 2632 1300 2692 p.
1327 2607 1394 2694 69).

224 2713 307 2779 Ounr
331 2737 406 2780 vero
432 2717 622 2782 comoediam
640 2715 785 2781 Atticam
810 2717 978 2798 antiquam
1003 2718 1122 2780 scurris
1144 2715 1396 2799 phlyacensibus

221 2824 400 2887 innotuisse
426 2825 563 2907 cogitari
587 2825 639 2888 vix
662 2825 775 2906 possit,
807 2845 940 2888 necesse
966 2829 1014 2888 est
1039 2823 1198 2887 eiusmodi
1221 2824 1284 2887 ioci
1308 2844 1397 2888 scur-

222 2929 299 2994 riles
324 2952 363 2994 ex
387 2953 452 2994 una
476 2931 654 3013 eademque
680 2932 781 3014 stirpe
813 2931 1006 2998 exstiterint.
1055 2928 1151 3013 Quod
1182 2931 1298 2994 mirum
1329 2951 1395 3000 non

223 3043 281 3117 est,
314 3037 487 3101 dummodo
518 3037 599 3101 illud
623 3045 736 3103 teneas
762 3037 954 3102 comoediam
978 3038 1119 3106 Siculam
1144 3044 1176 3102 et
1199 3037 1353 3102 Italicam
1378 3058 1396 3100 c

221 3141 449 3226 Peloponneso
474 3145 580 3226 prima
610 3146 734 3228 cepisse
764 3146 980 3227 incrementa3
1017 3145 1056 3208 de
1088 3145 1211 3227 origine
1243 3144 1394 3208 ludorum

222 3249 473 3314 Tarentinorum
505 3251 784 3334 Peloponnesiaca
821 3252 969 3317 conferas
1003 3253 1068 3316 iam
1104 3274 1175 3334 quae
1210 3252 1393 3334 disputavit

221 3356 336 3440 Reich,
362 3357 431 3421 Der
448 3357 569 3421 Mimus
593 3359 611 3421 Ι
635 3362 698 3422 496
717 3380 762 3440 sq.
802 3359 935 3424 Etenim
957 3359 992 3422 in
1014 3359 1086 3440 ipsa
1103 3356 1234 3423 Graecia
1254 3379 1293 3421 ex
1310 3358 1395 3421 anti-

222 3464 383 3545 quissimis
414 3465 614 3548 temporibus
645 3466 808 3548 mimologi
837 3464 1073 3548 phallophorici
1103 3465 1255 3528 videntur
1272 3465 1394 3547 egisse,

222 3568 369 3635 sosibius
392 3571 462 3635 ιιι
487 3571 617 3635 arnna
640 3554 1121 3654 apudAth.X1V621fwt
1144 3569 1176 3634 a
1202 3568 1305 3647 οιοις
1327 3577 1393 3634 τοι
1513 3591 1515 3594 >

222 3675 410 3762 δικρλιονιῦν
440 3677 559 3741 πολλοὶ
588 3677 669 3742 κατὰ
702 3676 823 3753 τόνοοος
853 3675 918 3741 εἰσὶ
948 3681 1173 3764 προσηγορίαι.
1225 3675 1393 3741 Σικυώνιοι

220 3782 355 3872 μὲνγὰρ
374 3780 644 3872 φαλλοφόρους
667 3777 783 3861 αὐτοὺς
798 3785 959 3862 καλοῦσιν,
983 3776 1074 3848 ἄλλοι
1095 3775 1394 3868 δἀὗνοκαβὸάλονς,

222 3890 253 3952 οἳ
283 3889 315 3954 δὲ
349 3889 542 3978 φλύακας,
575 3884 619 3969 ὡς
648 3884 771 3971 Ἰταλοί,
798 3891 959 3979 σοφιστὰς
982 3891 1015 3956 δὲ
1039 3889 1070 3955 οἱ
1094 3892 1226 3956 πολλοί·
1261 3896 1393 3979 &plinton

221 3995 253 4060 δὲ
287 3997 342 4060 καὶ
376 3997 416 4061 ιὰ
451 3997 555 4063 πολλὰ
591 3997 680 4075 ἰδίοις
715 3991 881 4081 ὀνομάζειν
916 3997 1076 4075 εἰωθότες
1115 3996 1298 4076 ἐθελοντάς.
1337 3999 1393 4064 alii

308 4177 331 4243 3)
350 4176 542 4248 Heydemann,
568 4176 913 4248 Phlyakendarstellungen
941 4178 990 4230 aul
1013 4177 1151 4232 bemalten
1172 4177 1265 4231 Vasen
1295 4177 1392 4245 (Arch.

110 4256 112 4261 ¹
220 4263 317 4318 Jahrb.
336 4268 351 4322 I
369 4267 421 4320 260
442 4269 520 4334 sqq).
