3240 4898
707 303 929 362 ..48-

317 491 366 557 At
388 493 453 557 iam
477 493 574 576 paulo
599 500 675 558 ante
699 493 896 576 Eupolidem
919 494 1004 559 hanc
1029 495 1281 578 Epicharmeam
1311 493 1405 558 fabu-

227 600 293 664 lam
317 621 337 664 a
359 599 495 664 Cratete
511 601 677 665 comoediae
694 602 838 683 antiquae
854 608 953 684 poeta
968 608 1150 684 respectam
1168 623 1238 666 esse
1255 601 1403 666 coniicio.

227 705 280 771 De
305 713 495 790 argumento
527 706 646 771 fabulae
679 707 833 781 Γείτονες
862 709 1029 791 inscriptae
1054 707 1167 792 (Koch
1190 707 1209 770 Ι
1235 707 1312 792 130)
1337 729 1406 771 cer·

226 814 313 878 tiora
334 835 399 878 non
425 820 581 879 tenemus.
618 814 693 878 Hoc
718 835 816 878 unum
840 835 900 898 pro
917 822 1007 879 certo
1024 815 1139 880 haberi
1154 822 1264 898 potest
1281 813 1405 878 ebrium

226 919 391 1002 quendam
416 941 435 984 a
458 928 558 1003 poeta
581 921 614 984 in
631 941 762 985 scenam
778 920 947 985 inductum
963 943 1034 987 esse
1050 928 1135 986 teste
1152 921 1325 995 Athenaeo,
1350 921 1406 1002 qui

227 1024 397 1091 Oratetem
412 1027 603 1110 Epicharmi
628 1029 810 1110 exemplum
833 1027 895 1092 hac
911 1029 944 1094 in
962 1050 997 1094 re
1014 1036 1161 1093 secutum
1179 1049 1251 1092 esse
1268 1027 1406 1091 affirmat

226 1131 264 1196 X
296 1137 360 1198 429
396 1154 430 1217 τις
469 1129 586 1227 parum
625 1135 711 1198 enim
749 1136 915 1217 cognitum
954 1157 1025 1201 esse
1065 1135 1234 1200 contendit
1274 1133 1404 1222 πρῶτον

225 1235 427 1326 Ἐπίχαρμον
462 1239 520 1307 ἐπὶ
555 1236 614 1327 τῆν
647 1237 764 1328 σκηνὴν
799 1248 1002 1328 παραγαγεῖν
1038 1242 1216 1325 μεθύοντα,
1254 1238 1333 1323 μεθ’
1369 1235 1405 1306 dv

226 1344 385 1434 Κράτητα
410 1346 571 1413 Γείτοσιν.
618 1347 793 1412 Ebriosum
823 1347 915 1412 illum
937 1346 1128 1432 Epicharmi
1163 1348 1301 1413 eundem
1334 1368 1403 1410 esse

227 1453 323 1516 velim
347 1458 445 1536 atque
468 1454 648 1536 parasitum
673 1462 1018 1537 supramemoratum,
1044 1456 1100 1538 qui
1125 1476 1197 1519 sese
1222 1456 1296 1518 vino
1314 1453 1402 1517 dedi·

223 1565 294 1624 tum
330 1580 400 1624 esse
432 1560 520 1624 haud
555 1560 764 1625 dissimulans
795 1583 866 1644 quae
896 1562 1069 1625 immodice
1101 1561 1247 1647 potando
1278 1561 1405 1625 soleant

224 1666 309 1730 effici
332 1672 398 1729 tam
423 1665 530 1748 lepide
557 1666 713 1731 describit
736 1690 764 1733 x.
793 1671 848 1751 143
872 1669 1029 1752 imprimis
1054 1675 1164 1733 autem
1186 1667 1286 1732 verba
1301 1668 1401 1749 respi-

224 1775 294 1838 cias
327 1795 398 1856 quae
430 1773 484 1836 ille
516 1773 556 1837 de
588 1774 823 1838 consuetudine
854 1775 932 1838 iacit
963 1774 1094 1839 domum
1127 1775 1215 1839 ebrie
1245 1773 1403 1838 redeundi

225 1901 255 1943 v.
283 1884 299 1945 7
326 1901 395 1962 sqq.

333 2015 469 2108 κῆπειτα
501 2019 605 2085 πολλὰ
636 2022 843 2110 καταφαντὸν,
875 2023 966 2088 πολλ’
1001 2020 1129 2106 {porcaria

331 2120 464 2211 ἄπειμι·
489 2130 634 2211 λύχνον
662 2121 770 2212 δ”ούχ
800 2122 816 2194 ὃ
844 2141 945 2208 παῖς
971 2155 1042 2213 μοι
1072 2134 1287 2218 συμφέρει,

334 2233 422 2322 ἕρπω
446 2227 679 2325 δ’ὂλιοθροὶζιον
702 2238 815 2302 τεκαὶ
838 2235 920 2302 κατα
943 2239 1057 2315 σκότος
1080 2235 1247 2324 ἴρημος.’3)

318 2377 399 2443 Oum
424 2401 501 2444 vero
525 2381 558 2444 in
577 2378 721 2445 Cratetis
737 2379 873 2458 Vicinis,
899 2403 963 2463 qua
987 2383 1021 2445 in
1044 2381 1157 2445 fabula
1180 2380 1276 2444 homo
1294 2379 1402 2443 ebrius

225 2487 260 2550 in
279 2486 489 2569 Epicharmei
512 2486 643 2551 modum
666 2493 777 2568 partes
801 2488 905 2570 egisse
921 2487 1073 2568 traditur,
1098 2486 1230 2570 quidam
1246 2492 1402 2569 queratur

223 2593 286 2678 irg.
311 2599 330 2660 3

586 2673 642 2746 ούκ
665 2678 735 2746 ἔστι
757 2705 814 2763 μοι
837 2681 1037 2768 inputant)

225 2826 387 2908 suspicari
411 2833 499 2890 certe
524 2825 600 2891 licet
623 2825 685 2890 hoc
709 2824 751 2889 ab
776 2824 866 2889 ebrio
891 2824 946 2889 illo
970 2825 1176 2908 pronuntiari
1199 2846 1271 2888 oum
1302 2829 1399 2888 noctu

223 2931 354 2996 domum
379 2932 474 2997 redit.
520 2933 682 3016 Equidem
706 2932 951 2998 similitudinem
975 2933 1064 2997 haud
1088 2930 1305 3015 spernendam
1329 2950 1399 2994 esse

147 3045 156 3050 ”
223 3039 378 3116 arbitror,
411 3060 486 3102 nam
517 3039 746 3122 interpretatio
777 3038 841 3104 loci
872 3039 1083 3122 Epicharmei
1116 3039 1243 3122 qualem
1275 3036 1400 3121 profert

223 3145 344 3210 Kaibel
366 3168 397 3228 p.
416 3149 456 3212 97
482 3144 583 3229 („non
608 3145 714 3210 habeo
738 3167 876 3229 puerum
900 3148 955 3229 qui
978 3147 1013 3210 in
1029 3146 1099 3210 iace
1116 3145 1251 3210 ferenda
1267 3164 1400 3227 operam

221 3252 302 3316 mihi
325 3251 490 3335 praebeat“
517 3253 537 3315 i.
556 3273 584 3316 e.
609 3252 678 3335 ipse
703 3253 765 3316 hcc
788 3253 880 3334 lacit)
904 3253 991 3317 haud
1016 3259 1109 3317 recta
1133 3258 1197 3316 est:
1221 3251 1398 3334 parasitum

221 3360 354 3425 omuino
378 3358 449 3424 face
474 3379 585 3423 carere
609 3359 710 3424 verba
732 3357 814 3427 κατὰ
837 3360 951 3434 σκότος
972 3367 1024 3426 sat
1039 3360 1165 3424 faciunt
1180 3359 1397 3442 perspicuum.

311 3537 346 3604 2³)
365 3535 445 3589 Licet
474 3541 569 3591 contra
596 3555 706 3592 moneas
731 3539 881 3606 parasitum
908 3538 1069 3607 Epicharmi
1096 3538 1124 3589 in
1153 3553 1234 3589 scena
1259 3552 1314 3587 non
1341 3551 1398 3586 esse

220 3625 342 3694 ebrium;
361 3624 408 3678 sed
426 3626 518 3678 locum
537 3626 583 3693 qui
602 3626 681 3680 nobis
701 3632 825 3680 servatus
852 3632 894 3681 est
918 3629 1066 3697 prologum
1096 3643 1156 3679 esse
1181 3630 1279 3695 putare
1304 3624 1396 3686 velim,

222 3715 270 3768 ubi
288 3731 405 3783 persona
423 3727 484 3782 quae
502 3715 529 3767 in
550 3714 641 3768 fabula
661 3715 761 3784 primas
780 3719 873 3784 partes
893 3715 951 3784 agit
968 3733 999 3770 ea
1012 3733 1074 3784 quae
1087 3720 1183 3784 postea
1195 3715 1223 3766 in
1237 3730 1319 3767 scena
1332 3712 1397 3764 siant

221 3804 316 3873 paucis
334 3803 453 3872 exponit,
473 3803 544 3856 sicut
563 3804 589 3866 in
607 3803 801 3873 Aristophanis
815 3804 1051 3868 Acharnensibus‚
1070 3805 1099 3856 in
1112 3802 1273 3872 Epicharmi
1292 3802 1314 3854 si
1332 3799 1395 3869 quid

222 3891 302 3945 video
321 3891 403 3945 Ulixe
421 3891 554 3962 naufrago
574 3892 619 3959 (cf.
639 3893 689 3962 frg.
709 3895 768 3959 99),

310 3981 345 4046 ²4)
365 3980 535 4034 Herwerden
559 3981 743 4046 (Oollectanea
761 3981 864 4049 critica,
891 3982 1041 4051 epicritica‚
1068 3981 1210 4051 exegetica
1229 3999 1255 4049 p.
1275 3980 1322 4042 12)
1349 3975 1395 4044 qui

221 4069 397 4137 Blaydesium
423 4074 531 4122 secutus
556 4070 730 4140 λνχν(ε)ίόια
755 4072 877 4138 postulat
904 4077 1019 4140 propter
1045 4071 1165 4124 Pollucis
1195 4068 1279 4122 verba
1296 4063 1324 4118 X
1344 4064 1395 4117 118

220 4159 315 4228 δῆλον
333 4161 374 4211 ὅτι
395 4158 503 4227 λυχνία
523 4158 687 4228 (λυχνεῖαῗ)
712 4162 833 4231 εἴρηκεν,
860 4161 931 4214 ἀλλ’
959 4163 992 4213 ού
1019 4160 1147 4230 λύχνους
1171 4159 1300 4228 μικρούς,
1327 4151 1394 4205 mihi

221 4247 333 4315 quidem
352 4264 407 4299 non
425 4246 569 4315 persuasit.
1097 4269 1099 4275 ·
