<?xml version="1.0" encoding="UTF-8"?>
<!DOCTYPE html PUBLIC "-//W3C//DTD XHTML 1.0 Transitional//EN"
    "http://www.w3.org/TR/xhtml1/DTD/xhtml1-transitional.dtd">
<html xmlns="http://www.w3.org/1999/xhtml" xml:lang="en" lang="en">
 <head>
  <title>
</title>
<meta http-equiv="Content-Type" content="text/html;charset=utf-8" />
  <meta name='ocr-system' content='tesseract 3.04.00' />
  <meta name='ocr-capabilities' content='ocr_page ocr_carea ocr_par ocr_line ocrx_word'/>
</head>
<body>
  <div class='ocr_page' id='page_1' title='image "./dedoriensiumlud00saligoog_0045.png"; bbox 0 0 3240 4898; ppageno 0'>
   <div class='ocr_carea' id='block_1_1' title="bbox 706 329 926 391">
    <p class='ocr_par' dir='ltr' id='par_1_1' title="bbox 706 329 926 391">
     <span class='ocr_line' id='line_1_1' title="bbox 706 329 926 391; baseline 0.009 -19"><span class='ocrx_word' id='word_1_1' title='bbox 706 365 744 372; x_wconf 83' lang='grc'><strong>.-</strong></span> <span class='ocrx_word' id='word_1_2' title='bbox 795 329 926 391; x_wconf 75' lang='lat'><strong>33-</strong></span> 
     </span>
    </p>
   </div>
   <div class='ocr_carea' id='block_1_2' title="bbox 229 516 1406 1032">
    <p class='ocr_par' dir='ltr' id='par_1_2' title="bbox 229 516 1406 692">
     <span class='ocr_line' id='line_1_2' title="bbox 231 516 1406 608; baseline -0.001 -20"><span class='ocrx_word' id='word_1_3' title='bbox 231 516 352 608; x_wconf 72' lang='grc' dir='ltr'><em>δήμων.</em></span> <span class='ocrx_word' id='word_1_4' title='bbox 407 520 627 586; x_wconf 89' lang='lat' dir='ltr'><strong>Nihilominus</strong></span> <span class='ocrx_word' id='word_1_5' title='bbox 662 523 881 586; x_wconf 80' lang='lat' dir='ltr'><strong>inventionem</strong></span> <span class='ocrx_word' id='word_1_6' title='bbox 918 523 980 587; x_wconf 92' lang='lat' dir='ltr'><strong>ioci</strong></span> <span class='ocrx_word' id='word_1_7' title='bbox 1015 528 1110 605; x_wconf 86' lang='lat' dir='ltr'><strong>poetae</strong></span> <span class='ocrx_word' id='word_1_8' title='bbox 1147 521 1256 588; x_wconf 86' lang='lat' dir='ltr'><strong>Siculo</strong></span> <span class='ocrx_word' id='word_1_9' title='bbox 1293 523 1406 588; x_wconf 93' lang='lat' dir='ltr'><strong>deberi</strong></span> 
     </span>
     <span class='ocr_line' id='line_1_3' title="bbox 229 627 603 692; baseline 0.005 -2"><span class='ocrx_word' id='word_1_10' title='bbox 229 628 350 691; x_wconf 87' lang='lat' dir='ltr'><strong>nemini</strong></span> <span class='ocrx_word' id='word_1_11' title='bbox 374 627 507 692; x_wconf 92' lang='lat' dir='ltr'><strong>dubium</strong></span> <span class='ocrx_word' id='word_1_12' title='bbox 532 629 603 692; x_wconf 85' lang='lat' dir='ltr'><strong>erit.</strong></span> 
     </span>
    </p>

    <p class='ocr_par' dir='ltr' id='par_1_3' title="bbox 231 732 1405 1032">
     <span class='ocr_line' id='line_1_4' title="bbox 319 732 1405 818; baseline 0.003 -21"><span class='ocrx_word' id='word_1_13' title='bbox 319 732 473 798; x_wconf 84' lang='lat' dir='ltr'><strong>Alterum</strong></span> <span class='ocrx_word' id='word_1_14' title='bbox 503 735 685 818; x_wconf 85' lang='lat' dir='ltr'><strong>exemplum</strong></span> <span class='ocrx_word' id='word_1_15' title='bbox 716 741 836 818; x_wconf 85' lang='lat' dir='ltr'><strong>praesto</strong></span> <span class='ocrx_word' id='word_1_16' title='bbox 868 742 917 800; x_wconf 89' lang='lat' dir='ltr'><strong>est</strong></span> <span class='ocrx_word' id='word_1_17' title='bbox 950 757 1013 800; x_wconf 90' lang='lat' dir='ltr'><strong>non</strong></span> <span class='ocrx_word' id='word_1_18' title='bbox 1044 736 1151 801; x_wconf 90' lang='lat' dir='ltr'><strong>minus</strong></span> <span class='ocrx_word' id='word_1_19' title='bbox 1183 737 1317 801; x_wconf 89' lang='lat' dir='ltr'><strong>clarum.</strong></span> <span class='ocrx_word' id='word_1_20' title='bbox 1365 736 1405 800; x_wconf 93' lang='lat' dir='ltr'><strong>In</strong></span> 
     </span>
     <span class='ocr_line' id='line_1_5' title="bbox 231 838 1405 926; baseline 0.005 -24"><span class='ocrx_word' id='word_1_21' title='bbox 231 838 360 925; x_wconf 85' lang='lat' dir='ltr'><strong>dialogo</strong></span> <span class='ocrx_word' id='word_1_22' title='bbox 392 839 511 905; x_wconf 85' lang='lat' dir='ltr'><strong>fabulae</strong></span> <span class='ocrx_word' id='word_1_23' title='bbox 543 841 710 906; x_wconf 91' lang='lat' dir='ltr'><strong>cuiusdam</strong></span> <span class='ocrx_word' id='word_1_24' title='bbox 733 843 960 925; x_wconf 82' lang='lat' dir='ltr'><strong>Epicharmeae</strong></span> <span class='ocrx_word' id='word_1_25' title='bbox 989 842 1086 907; x_wconf 86' lang='lat' dir='ltr'><strong>hasce</strong></span> <span class='ocrx_word' id='word_1_26' title='bbox 1110 843 1233 926; x_wconf 84' lang='lat' dir='ltr'><strong>positas</strong></span> <span class='ocrx_word' id='word_1_27' title='bbox 1257 842 1405 908; x_wconf 83' lang='lat' dir='ltr'><strong>videmus</strong></span> 
     </span>
     <span class='ocr_line' id='line_1_6' title="bbox 231 946 551 1032; baseline 0.013 -23"><span class='ocrx_word' id='word_1_28' title='bbox 231 947 377 1028; x_wconf 79' lang='lat' dir='ltr'><strong>argutias</strong></span> <span class='ocrx_word' id='word_1_29' title='bbox 401 946 461 1032; x_wconf 87' lang='lat' dir='ltr'><strong>frg.</strong></span> <span class='ocrx_word' id='word_1_30' title='bbox 488 951 551 1013; x_wconf 87' lang='grc'><strong>149</strong></span> 
     </span>
    </p>
   </div>
   <div class='ocr_carea' id='block_1_3' title="bbox 230 1106 1407 1517">
    <p class='ocr_par' dir='ltr' id='par_1_4' title="bbox 230 1106 1407 1410">
     <span class='ocr_line' id='line_1_7' title="bbox 231 1106 1407 1196; baseline 0.002 -24"><span class='ocrx_word' id='word_1_31' title='bbox 231 1146 273 1154; x_wconf 85' lang='lat'><strong>-</strong></span> <span class='ocrx_word' id='word_1_32' title='bbox 297 1108 331 1174; x_wconf 91' lang='grc' dir='ltr'><strong>τί</strong></span> <span class='ocrx_word' id='word_1_33' title='bbox 355 1107 391 1176; x_wconf 82' lang='grc' dir='ltr'><strong>δὲ</strong></span> <span class='ocrx_word' id='word_1_34' title='bbox 413 1107 482 1176; x_wconf 81' lang='grc' dir='ltr'><strong>τόδ’</strong></span> <span class='ocrx_word' id='word_1_35' title='bbox 508 1109 594 1187; x_wconf 62' lang='lat' dir='ltr'><strong>durh·</strong></span> <span class='ocrx_word' id='word_1_36' title='bbox 611 1147 653 1156; x_wconf 88' lang='lat'>-</span> <span class='ocrx_word' id='word_1_37' title='bbox 671 1106 795 1196; x_wconf 67' lang='grc' dir='ltr'><em>δηλαδή</em></span> <span class='ocrx_word' id='word_1_38' title='bbox 818 1111 969 1196; x_wconf 84' lang='grc' dir='ltr'><em>τρίπους.</em></span> <span class='ocrx_word' id='word_1_39' title='bbox 994 1148 1035 1157; x_wconf 95' lang='grc'>-</span> <span class='ocrx_word' id='word_1_40' title='bbox 1060 1109 1094 1176; x_wconf 89' lang='grc' dir='ltr'><strong>τί</strong></span> <span class='ocrx_word' id='word_1_41' title='bbox 1116 1106 1182 1191; x_wconf 70' lang='lat' dir='ltr'><strong>priv</strong></span> <span class='ocrx_word' id='word_1_42' title='bbox 1205 1107 1272 1189; x_wconf 82' lang='grc' dir='ltr'><strong><em>ε”χει</em></strong></span> <span class='ocrx_word' id='word_1_43' title='bbox 1300 1106 1407 1182; x_wconf 80' lang='grc' dir='ltr'><em>πόδας</em></span> 
     </span>
     <span class='ocr_line' id='line_1_8' title="bbox 230 1210 1360 1303; baseline 0.002 -25"><span class='ocrx_word' id='word_1_44' title='bbox 230 1212 381 1302; x_wconf 62' lang='grc' dir='ltr'><strong>τέτορας·</strong></span> <span class='ocrx_word' id='word_1_45' title='bbox 405 1214 463 1280; x_wconf 82' lang='grc' dir='ltr'><em>οίίκ</em></span> <span class='ocrx_word' id='word_1_46' title='bbox 486 1215 575 1282; x_wconf 81' lang='grc' dir='ltr'><strong><em>ἐστιν</em></strong></span> <span class='ocrx_word' id='word_1_47' title='bbox 598 1216 748 1303; x_wconf 77' lang='grc' dir='ltr'><strong><em>τρίπους,</em></strong></span> <span class='ocrx_word' id='word_1_48' title='bbox 774 1214 844 1284; x_wconf 74' lang='grc' dir='ltr'><strong>ἀλλ’</strong></span> <span class='ocrx_word' id='word_1_49' title='bbox 870 1215 1023 1290; x_wconf 70' lang='lat' dir='ltr'><strong>(dorin)</strong></span> <span class='ocrx_word' id='word_1_50' title='bbox 1048 1210 1142 1298; x_wconf 81' lang='grc' dir='ltr'><em>οἶμαι</em></span> <span class='ocrx_word' id='word_1_51' title='bbox 1166 1213 1360 1303; x_wconf 81' lang='grc' dir='ltr'><em>τετράπους,</em></span> 
     </span>
     <span class='ocr_line' id='line_1_9' title="bbox 298 1319 1335 1410; baseline -0.001 -22.059"><span class='ocrx_word' id='word_1_52' title='bbox 298 1319 386 1388; x_wconf 74' lang='grc' dir='ltr'><strong>ε”οτιν</strong></span> <span class='ocrx_word' id='word_1_53' title='bbox 409 1320 498 1403; x_wconf 80' lang='grc' dir='ltr'><em>ὄνομ’</em></span> <span class='ocrx_word' id='word_1_54' title='bbox 523 1319 615 1407; x_wconf 74' lang='grc' dir='ltr'><strong>αὐτῷ</strong></span> <span class='ocrx_word' id='word_1_55' title='bbox 637 1324 788 1410; x_wconf 75' lang='grc' dir='ltr'><strong><em>τρίπους,</em></strong></span> <span class='ocrx_word' id='word_1_56' title='bbox 812 1322 951 1410; x_wconf 83' lang='grc' dir='ltr'><strong>τέτοράς</strong></span> <span class='ocrx_word' id='word_1_57' title='bbox 973 1345 1015 1407; x_wconf 76' lang='grc' dir='ltr'><strong>γα</strong></span> <span class='ocrx_word' id='word_1_58' title='bbox 1036 1319 1101 1404; x_wconf 70' lang='lat' dir='ltr'><strong>poia</strong></span> <span class='ocrx_word' id='word_1_59' title='bbox 1123 1320 1190 1402; x_wconf 79' lang='grc' dir='ltr'><strong><em>ἔχει</em></strong></span> <span class='ocrx_word' id='word_1_60' title='bbox 1216 1319 1335 1395; x_wconf 80' lang='grc' dir='ltr'><em>πόδας.</em></span> 
     </span>
    </p>

    <p class='ocr_par' dir='ltr' id='par_1_5' title="bbox 232 1421 1108 1517">
     <span class='ocr_line' id='line_1_10' title="bbox 232 1421 1108 1517; baseline -0.002 -23"><span class='ocrx_word' id='word_1_61' title='bbox 232 1464 275 1475; x_wconf 81' lang='lat'><em>-</em></span> <span class='ocrx_word' id='word_1_62' title='bbox 301 1428 465 1502; x_wconf 77' lang='grc' dir='ltr'><em>Οἰδίπους</em></span> <span class='ocrx_word' id='word_1_63' title='bbox 487 1430 596 1497; x_wconf 82' lang='grc' dir='ltr'><em>τοίνυν</em></span> <span class='ocrx_word' id='word_1_64' title='bbox 619 1432 694 1497; x_wconf 86' lang='grc' dir='ltr'><strong>ποτ’</strong></span> <span class='ocrx_word' id='word_1_65' title='bbox 720 1421 757 1517; x_wconf 66' lang='grc' dir='ltr'><strong>ἦν</strong></span> <span class='ocrx_word' id='word_1_66' title='bbox 779 1426 915 1514; x_wconf 78' lang='grc' dir='ltr'><em>αἴνιγμά</em></span> <span class='ocrx_word' id='word_1_67' title='bbox 937 1453 988 1496; x_wconf 93' lang='grc' dir='ltr'><strong>τοι</strong></span> <span class='ocrx_word' id='word_1_68' title='bbox 1013 1436 1108 1502; x_wconf 87' lang='grc' dir='ltr'><em>νοεῖς.</em></span> 
     </span>
    </p>
   </div>
   <div class='ocr_carea' id='block_1_4' title="bbox 232 1569 1408 2190">
    <p class='ocr_par' dir='ltr' id='par_1_6' title="bbox 232 1569 1408 2190">
     <span class='ocr_line' id='line_1_11' title="bbox 232 1569 1407 1656; baseline 0.002 -23"><span class='ocrx_word' id='word_1_69' title='bbox 232 1570 284 1633; x_wconf 88' lang='lat' dir='ltr'><strong>Ex</strong></span> <span class='ocrx_word' id='word_1_70' title='bbox 311 1569 435 1635; x_wconf 88' lang='lat' dir='ltr'><strong>Athen.</strong></span> <span class='ocrx_word' id='word_1_71' title='bbox 460 1571 498 1634; x_wconf 92' lang='grc' dir='ltr'><strong>ΙΙ</strong></span> <span class='ocrx_word' id='word_1_72' title='bbox 521 1575 573 1654; x_wconf 83' lang='grc'><strong>49,</strong></span> <span class='ocrx_word' id='word_1_73' title='bbox 607 1574 662 1656; x_wconf 91' lang='lat' dir='ltr'><strong>qui</strong></span> <span class='ocrx_word' id='word_1_74' title='bbox 691 1574 778 1638; x_wconf 88' lang='lat' dir='ltr'><strong>hunc</strong></span> <span class='ocrx_word' id='word_1_75' title='bbox 808 1574 915 1636; x_wconf 92' lang='lat' dir='ltr'><strong>locum</strong></span> <span class='ocrx_word' id='word_1_76' title='bbox 948 1572 1097 1652; x_wconf 88' lang='lat' dir='ltr'><strong>servavit,</strong></span> <span class='ocrx_word' id='word_1_77' title='bbox 1129 1573 1193 1636; x_wconf 87' lang='lat' dir='ltr'><strong>ianr</strong></span> <span class='ocrx_word' id='word_1_78' title='bbox 1223 1570 1407 1636; x_wconf 81' lang='lat' dir='ltr'><strong>Hesiodum</strong></span> 
     </span>
     <span class='ocr_line' id='line_1_12' title="bbox 233 1675 1406 1764; baseline 0.003 -26"><span class='ocrx_word' id='word_1_79' title='bbox 233 1675 308 1758; x_wconf 87' lang='lat' dir='ltr'><strong>(frg.</strong></span> <span class='ocrx_word' id='word_1_80' title='bbox 335 1680 396 1741; x_wconf 79' lang='lat'><strong>177</strong></span> <span class='ocrx_word' id='word_1_81' title='bbox 422 1678 496 1764; x_wconf 77' lang='grc' dir='ltr'>ΒΖ.)</span> <span class='ocrx_word' id='word_1_82' title='bbox 520 1701 652 1761; x_wconf 88' lang='lat' dir='ltr'><strong>pravam</strong></span> <span class='ocrx_word' id='word_1_83' title='bbox 677 1680 766 1744; x_wconf 91' lang='lat' dir='ltr'><strong>illarn</strong></span> <span class='ocrx_word' id='word_1_84' title='bbox 790 1701 910 1744; x_wconf 77' lang='lat' dir='ltr'><strong>mensae</strong></span> <span class='ocrx_word' id='word_1_85' title='bbox 935 1678 1188 1762; x_wconf 83' lang='lat' dir='ltr'><strong>appellationem</strong></span> <span class='ocrx_word' id='word_1_86' title='bbox 1219 1677 1406 1742; x_wconf 81' lang='lat' dir='ltr'><strong>adhibuisse</strong></span> 
     </span>
     <span class='ocr_line' id='line_1_13' title="bbox 234 1784 1407 1869; baseline 0.002 -24"><span class='ocrx_word' id='word_1_87' title='bbox 234 1784 472 1868; x_wconf 80' lang='lat' dir='ltr'><strong>cognoscimus3</strong></span> <span class='ocrx_word' id='word_1_88' title='bbox 507 1787 631 1868; x_wconf 90' lang='lat' dir='ltr'><strong>primus</strong></span> <span class='ocrx_word' id='word_1_89' title='bbox 656 1808 741 1866; x_wconf 88' lang='lat' dir='ltr'><strong>vero,</strong></span> <span class='ocrx_word' id='word_1_90' title='bbox 774 1793 931 1869; x_wconf 91' lang='lat' dir='ltr'><strong>quantum</strong></span> <span class='ocrx_word' id='word_1_91' title='bbox 962 1807 1021 1850; x_wconf 90' lang='lat' dir='ltr'><strong>nos</strong></span> <span class='ocrx_word' id='word_1_92' title='bbox 1052 1784 1183 1868; x_wconf 91' lang='lat' dir='ltr'><strong>quidem</strong></span> <span class='ocrx_word' id='word_1_93' title='bbox 1213 1785 1342 1857; x_wconf 86' lang='lat' dir='ltr'><strong>scimus,</strong></span> <span class='ocrx_word' id='word_1_94' title='bbox 1373 1785 1407 1848; x_wconf 89' lang='lat' dir='ltr'><strong>in</strong></span> 
     </span>
     <span class='ocr_line' id='line_1_14' title="bbox 235 1891 1408 1976; baseline 0.002 -24"><span class='ocrx_word' id='word_1_95' title='bbox 235 1892 375 1967; x_wconf 86' lang='lat' dir='ltr'><strong>„mensis</strong></span> <span class='ocrx_word' id='word_1_96' title='bbox 398 1893 599 1976; x_wconf 83' lang='lat' dir='ltr'><strong>tripedihus“</strong></span> <span class='ocrx_word' id='word_1_97' title='bbox 625 1894 843 1976; x_wconf 83' lang='lat' dir='ltr'><strong>Epicharmus</strong></span> <span class='ocrx_word' id='word_1_98' title='bbox 866 1893 1034 1957; x_wconf 73' lang='lat' dir='ltr'><strong>haesitasse</strong></span> <span class='ocrx_word' id='word_1_99' title='bbox 1050 1892 1179 1956; x_wconf 84' lang='lat' dir='ltr'><strong>ridetur</strong></span> <span class='ocrx_word' id='word_1_100' title='bbox 1194 1913 1299 1974; x_wconf 89' lang='lat' dir='ltr'><strong>neque</strong></span> <span class='ocrx_word' id='word_1_101' title='bbox 1317 1891 1408 1955; x_wconf 91' lang='lat' dir='ltr'><strong>dubi-</strong></span> 
     </span>
     <span class='ocr_line' id='line_1_15' title="bbox 235 1996 1407 2083; baseline 0.001 -24"><span class='ocrx_word' id='word_1_102' title='bbox 235 1996 372 2061; x_wconf 87' lang='lat' dir='ltr'><strong>tandum</strong></span> <span class='ocrx_word' id='word_1_103' title='bbox 403 2006 453 2063; x_wconf 90' lang='lat' dir='ltr'><strong>est</strong></span> <span class='ocrx_word' id='word_1_104' title='bbox 484 2000 561 2082; x_wconf 91' lang='lat' dir='ltr'><strong>quin</strong></span> <span class='ocrx_word' id='word_1_105' title='bbox 585 1999 827 2083; x_wconf 84' lang='lat' dir='ltr'><strong>Aristophanes</strong></span> <span class='ocrx_word' id='word_1_106' title='bbox 858 2000 945 2064; x_wconf 93' lang='lat' dir='ltr'><strong>illius</strong></span> <span class='ocrx_word' id='word_1_107' title='bbox 976 2004 1132 2081; x_wconf 89' lang='lat' dir='ltr'><strong>sequatur</strong></span> <span class='ocrx_word' id='word_1_108' title='bbox 1162 1999 1343 2080; x_wconf 83' lang='lat' dir='ltr'><strong>exemplum</strong></span> <span class='ocrx_word' id='word_1_109' title='bbox 1374 1999 1407 2061; x_wconf 92' lang='lat' dir='ltr'><strong>in</strong></span> 
     </span>
     <span class='ocr_line' id='line_1_16' title="bbox 233 2101 1407 2190; baseline 0.003 -25"><span class='ocrx_word' id='word_1_110' title='bbox 233 2101 514 2172; x_wconf 81' lang='lat' dir='ltr'><strong>Telmessensibus</strong></span> <span class='ocrx_word' id='word_1_111' title='bbox 538 2107 650 2171; x_wconf 90' lang='lat' dir='ltr'><strong>ludum</strong></span> <span class='ocrx_word' id='word_1_112' title='bbox 675 2108 837 2171; x_wconf 89' lang='lat' dir='ltr'><strong>collocans</strong></span> <span class='ocrx_word' id='word_1_113' title='bbox 861 2127 995 2189; x_wconf 86' lang='lat' dir='ltr'><strong>prorsus</strong></span> <span class='ocrx_word' id='word_1_114' title='bbox 1019 2105 1218 2170; x_wconf 85' lang='lat' dir='ltr'><strong>consimilem</strong></span> <span class='ocrx_word' id='word_1_115' title='bbox 1242 2103 1407 2190; x_wconf 76' lang='lat' dir='ltr'><strong>(fr-g.530)</strong></span> 
     </span>
    </p>
   </div>
   <div class='ocr_carea' id='block_1_5' title="bbox 393 2263 1275 2569">
    <p class='ocr_par' dir='ltr' id='par_1_7' title="bbox 393 2263 1275 2569">
     <span class='ocr_line' id='line_1_17' title="bbox 659 2263 1151 2356; baseline -0.002 -24"><span class='ocrx_word' id='word_1_116' title='bbox 659 2284 703 2313; x_wconf 64' lang='lat'><strong>¹-</strong></span> <span class='ocrx_word' id='word_1_117' title='bbox 726 2265 893 2356; x_wconf 79' lang='grc' dir='ltr'><em>τραίπεζαν</em></span> <span class='ocrx_word' id='word_1_118' title='bbox 918 2263 994 2352; x_wconf 75' lang='grc' dir='ltr'><em>ἡμῖν</em></span> <span class='ocrx_word' id='word_1_119' title='bbox 1017 2268 1151 2352; x_wconf 82' lang='grc' dir='ltr'><strong>είοφερε</strong></span> 
     </span>
     <span class='ocr_line' id='line_1_18' title="bbox 393 2367 1225 2461; baseline -0.002 -23"><span class='ocrx_word' id='word_1_120' title='bbox 393 2380 484 2461; x_wconf 86' lang='grc' dir='ltr'><strong><em>τρεῖς</em></strong></span> <span class='ocrx_word' id='word_1_121' title='bbox 508 2375 615 2447; x_wconf 90' lang='grc' dir='ltr'><em>πόδας</em></span> <span class='ocrx_word' id='word_1_122' title='bbox 637 2371 784 2454; x_wconf 74' lang='grc' dir='ltr'><em>ἔχουσαν,</em></span> <span class='ocrx_word' id='word_1_123' title='bbox 808 2373 965 2461; x_wconf 80' lang='grc' dir='ltr'><strong>τέτταρας</strong></span> <span class='ocrx_word' id='word_1_124' title='bbox 990 2371 1025 2439; x_wconf 81' lang='grc' dir='ltr'><strong>δὲ</strong></span> <span class='ocrx_word' id='word_1_125' title='bbox 1049 2367 1095 2458; x_wconf 67' lang='grc' dir='ltr'><strong>μή</strong></span> <span class='ocrx_word' id='word_1_126' title='bbox 1117 2367 1225 2450; x_wconf 68' lang='lat' dir='ltr'><strong>’xiiia</strong></span> 
     </span>
     <span class='ocr_line' id='line_1_19' title="bbox 395 2476 1275 2569; baseline -0.005 -22"><span class='ocrx_word' id='word_1_127' title='bbox 395 2518 436 2526; x_wconf 79' lang='lat'><em>—</em></span> <span class='ocrx_word' id='word_1_128' title='bbox 460 2483 514 2548; x_wconf 86' lang='grc' dir='ltr'><strong>καὶ</strong></span> <span class='ocrx_word' id='word_1_129' title='bbox 539 2478 648 2549; x_wconf 68' lang='grc' dir='ltr'><em>πόθεν</em></span> <span class='ocrx_word' id='word_1_130' title='bbox 671 2477 734 2566; x_wconf 75' lang='grc' dir='ltr'><strong>ἐγώ</strong></span> <span class='ocrx_word' id='word_1_131' title='bbox 757 2481 898 2569; x_wconf 86' lang='grc' dir='ltr'><strong>τρίπουν</strong></span> <span class='ocrx_word' id='word_1_132' title='bbox 919 2476 1083 2567; x_wconf 79' lang='grc' dir='ltr'><strong>τράπεζαν</strong></span> <span class='ocrx_word' id='word_1_133' title='bbox 1106 2478 1275 2565; x_wconf 56' lang='lat' dir='ltr'><strong>ideonum</strong></span> 
     </span>
    </p>
   </div>
   <div class='ocr_carea' id='block_1_6' title="bbox 235 2606 1409 3455">
    <p class='ocr_par' dir='ltr' id='par_1_8' title="bbox 235 2606 1409 3135">
     <span class='ocr_line' id='line_1_20' title="bbox 235 2606 1408 2708; baseline -0.006 -19"><span class='ocrx_word' id='word_1_134' title='bbox 235 2622 301 2689; x_wconf 86' lang='lat' dir='ltr'><strong>Sed</strong></span> <span class='ocrx_word' id='word_1_135' title='bbox 333 2646 372 2688; x_wconf 92' lang='lat' dir='ltr'><strong>ex</strong></span> <span class='ocrx_word' id='word_1_136' title='bbox 403 2626 567 2689; x_wconf 87' lang='lat' dir='ltr'><strong>contrario</strong></span> <span class='ocrx_word' id='word_1_137' title='bbox 601 2624 653 2687; x_wconf 91' lang='lat' dir='ltr'><strong>hic</strong></span> <span class='ocrx_word' id='word_1_138' title='bbox 681 2606 843 2706; x_wconf 78' lang='lat' dir='ltr'><strong>tripedem</strong></span> <span class='ocrx_word' id='word_1_139' title='bbox 875 2643 1021 2687; x_wconf 90' lang='lat' dir='ltr'><strong>mensam</strong></span> <span class='ocrx_word' id='word_1_140' title='bbox 1051 2619 1219 2708; x_wconf 77' lang='grc' dir='ltr'><strong>τράπεζαν</strong></span> <span class='ocrx_word' id='word_1_141' title='bbox 1248 2620 1408 2683; x_wconf 87' lang='lat' dir='ltr'><strong>nominari</strong></span> 
     </span>
     <span class='ocr_line' id='line_1_21' title="bbox 236 2725 1409 2814; baseline -0.006 -19"><span class='ocrx_word' id='word_1_142' title='bbox 236 2730 477 2796; x_wconf 86' lang='lat' dir='ltr'><strong>animadvertas</strong></span> <span class='ocrx_word' id='word_1_143' title='bbox 501 2753 621 2814; x_wconf 71' lang='lat' dir='ltr'><strong>quaeso,</strong></span> <span class='ocrx_word' id='word_1_144' title='bbox 654 2752 760 2814; x_wconf 88' lang='lat' dir='ltr'><strong>neque</strong></span> <span class='ocrx_word' id='word_1_145' title='bbox 783 2738 817 2795; x_wconf 91' lang='lat' dir='ltr'><strong>te</strong></span> <span class='ocrx_word' id='word_1_146' title='bbox 848 2728 963 2794; x_wconf 86' lang='lat' dir='ltr'><strong>latebit</strong></span> <span class='ocrx_word' id='word_1_147' title='bbox 994 2749 1089 2811; x_wconf 90' lang='lat' dir='ltr'><strong>quarn</strong></span> <span class='ocrx_word' id='word_1_148' title='bbox 1122 2726 1296 2792; x_wconf 87' lang='lat' dir='ltr'><strong>artificiose</strong></span> <span class='ocrx_word' id='word_1_149' title='bbox 1327 2725 1409 2789; x_wconf 92' lang='lat' dir='ltr'><strong>illud</strong></span> 
     </span>
     <span class='ocr_line' id='line_1_22' title="bbox 236 2832 1407 2920; baseline -0.006 -19"><span class='ocrx_word' id='word_1_150' title='bbox 236 2838 357 2901; x_wconf 86' lang='lat' dir='ltr'><strong>dictum</strong></span> <span class='ocrx_word' id='word_1_151' title='bbox 394 2838 436 2902; x_wconf 88' lang='lat' dir='ltr'><strong>sit</strong></span> <span class='ocrx_word' id='word_1_152' title='bbox 470 2837 510 2902; x_wconf 93' lang='lat' dir='ltr'><strong>ab</strong></span> <span class='ocrx_word' id='word_1_153' title='bbox 546 2837 770 2920; x_wconf 86' lang='lat' dir='ltr'><strong>Aristophane</strong></span> <span class='ocrx_word' id='word_1_154' title='bbox 804 2836 994 2920; x_wconf 85' lang='lat' dir='ltr'><strong>Epicharmi</strong></span> <span class='ocrx_word' id='word_1_155' title='bbox 1030 2834 1218 2900; x_wconf 85' lang='lat' dir='ltr'><strong>auctoritati</strong></span> <span class='ocrx_word' id='word_1_156' title='bbox 1253 2832 1407 2897; x_wconf 87' lang='lat' dir='ltr'><strong>obnoxio.</strong></span> 
     </span>
     <span class='ocr_line' id='line_1_23' title="bbox 237 2941 1407 3026; baseline -0.005 -17"><span class='ocrx_word' id='word_1_157' title='bbox 237 2942 380 3009; x_wconf 87' lang='lat' dir='ltr'><strong>Similem</strong></span> <span class='ocrx_word' id='word_1_158' title='bbox 405 2942 594 3008; x_wconf 87' lang='lat' dir='ltr'><strong>abusionem</strong></span> <span class='ocrx_word' id='word_1_159' title='bbox 618 2944 704 3008; x_wconf 88' lang='lat' dir='ltr'><strong>ridet</strong></span> <span class='ocrx_word' id='word_1_160' title='bbox 719 2944 856 3025; x_wconf 86' lang='lat' dir='ltr'><strong>Eupolis</strong></span> <span class='ocrx_word' id='word_1_161' title='bbox 880 2943 939 3026; x_wconf 82' lang='lat' dir='ltr'><strong>ing.</strong></span> <span class='ocrx_word' id='word_1_162' title='bbox 961 2946 999 3007; x_wconf 84' lang='grc'><strong>18</strong></span> <span class='ocrx_word' id='word_1_163' title='bbox 1025 2963 1098 3005; x_wconf 89' lang='lat' dir='ltr'><strong>curn</strong></span> <span class='ocrx_word' id='word_1_164' title='bbox 1122 2941 1155 3004; x_wconf 92' lang='lat' dir='ltr'><strong>in</strong></span> <span class='ocrx_word' id='word_1_165' title='bbox 1171 2942 1407 3024; x_wconf 73' lang='grc' dir='ltr'><em>βουκολεῖοδαι</em></span> 
     </span>
     <span class='ocr_line' id='line_1_24' title="bbox 235 3044 507 3135; baseline 0 -19"><span class='ocrx_word' id='word_1_166' title='bbox 235 3044 331 3135; x_wconf 80' lang='grc' dir='ltr'><em>αἶγας</em></span> <span class='ocrx_word' id='word_1_167' title='bbox 355 3050 507 3116; x_wconf 86' lang='lat' dir='ltr'><strong>offendat.</strong></span> 
     </span>
    </p>

    <p class='ocr_par' dir='ltr' id='par_1_9' title="bbox 237 3149 1408 3455">
     <span class='ocr_line' id='line_1_25' title="bbox 325 3149 1407 3236; baseline -0.007 -14"><span class='ocrx_word' id='word_1_168' title='bbox 325 3157 462 3222; x_wconf 89' lang='lat' dir='ltr'><strong>Necnon</strong></span> <span class='ocrx_word' id='word_1_169' title='bbox 479 3157 730 3223; x_wconf 89' lang='lat' dir='ltr'><strong>iucundissimus</strong></span> <span class='ocrx_word' id='word_1_170' title='bbox 746 3157 837 3221; x_wconf 91' lang='lat' dir='ltr'><strong>lusus</strong></span> <span class='ocrx_word' id='word_1_171' title='bbox 853 3154 1025 3219; x_wconf 75' lang='lat' dir='ltr'><strong>verborum</strong></span> <span class='ocrx_word' id='word_1_172' title='bbox 1042 3155 1098 3236; x_wconf 91' lang='lat' dir='ltr'><strong>qui</strong></span> <span class='ocrx_word' id='word_1_173' title='bbox 1123 3158 1230 3217; x_wconf 84' lang='lat' dir='ltr'><strong>exstat</strong></span> <span class='ocrx_word' id='word_1_174' title='bbox 1254 3153 1287 3215; x_wconf 93' lang='lat' dir='ltr'><strong>in</strong></span> <span class='ocrx_word' id='word_1_175' title='bbox 1304 3149 1407 3216; x_wconf 86' lang='lat' dir='ltr'><strong>Strat-</strong></span> 
     </span>
     <span class='ocr_line' id='line_1_26' title="bbox 238 3257 1408 3346; baseline -0.007 -18"><span class='ocrx_word' id='word_1_176' title='bbox 238 3265 315 3328; x_wconf 90' lang='lat' dir='ltr'><strong>tidis</strong></span> <span class='ocrx_word' id='word_1_177' title='bbox 343 3263 534 3346; x_wconf 85' lang='lat' dir='ltr'><strong>fragmentis</strong></span> <span class='ocrx_word' id='word_1_178' title='bbox 557 3286 578 3328; x_wconf 89' lang='lat' dir='ltr'><strong>a</strong></span> <span class='ocrx_word' id='word_1_179' title='bbox 602 3262 798 3329; x_wconf 73' lang='lat' dir='ltr'><strong>schwartzio</strong></span> <span class='ocrx_word' id='word_1_180' title='bbox 824 3262 939 3344; x_wconf 90' lang='lat' dir='ltr'><strong>(schol.</strong></span> <span class='ocrx_word' id='word_1_181' title='bbox 964 3262 1044 3325; x_wconf 89' lang='lat' dir='ltr'><strong>Eur.</strong></span> <span class='ocrx_word' id='word_1_182' title='bbox 1071 3257 1128 3324; x_wconf 90' lang='lat' dir='ltr'><strong>Or.</strong></span> <span class='ocrx_word' id='word_1_183' title='bbox 1155 3262 1233 3338; x_wconf 78' lang='lat'>279)</span> <span class='ocrx_word' id='word_1_184' title='bbox 1258 3259 1344 3322; x_wconf 91' lang='lat' dir='ltr'><strong>hunc</strong></span> <span class='ocrx_word' id='word_1_185' title='bbox 1376 3257 1408 3321; x_wconf 93' lang='lat' dir='ltr'><strong>in</strong></span> 
     </span>
     <span class='ocr_line' id='line_1_27' title="bbox 237 3369 867 3455; baseline -0.003 -21"><span class='ocrx_word' id='word_1_186' title='bbox 237 3370 369 3435; x_wconf 91' lang='lat' dir='ltr'><strong>modum</strong></span> <span class='ocrx_word' id='word_1_187' title='bbox 392 3373 564 3436; x_wconf 88' lang='lat' dir='ltr'><strong>restitutus</strong></span> <span class='ocrx_word' id='word_1_188' title='bbox 588 3370 663 3455; x_wconf 87' lang='lat' dir='ltr'><strong>(srg.</strong></span> <span class='ocrx_word' id='word_1_189' title='bbox 689 3373 730 3434; x_wconf 84' lang='lat'><strong>60</strong></span> <span class='ocrx_word' id='word_1_190' title='bbox 755 3369 867 3453; x_wconf 76' lang='lat' dir='ltr'><strong>Koch)</strong></span> 
     </span>
    </p>
   </div>
   <div class='ocr_carea' id='block_1_7' title="bbox 327 3524 1309 3724">
    <p class='ocr_par' dir='ltr' id='par_1_10' title="bbox 327 3524 1309 3724">
     <span class='ocr_line' id='line_1_28' title="bbox 327 3524 1309 3619; baseline -0.009 -21"><span class='ocrx_word' id='word_1_191' title='bbox 327 3570 370 3576; x_wconf 95' lang='lat'><strong>--</strong></span> <span class='ocrx_word' id='word_1_192' title='bbox 396 3529 506 3617; x_wconf 73' lang='grc' dir='ltr'><em>γαλήν’</em></span> <span class='ocrx_word' id='word_1_193' title='bbox 531 3529 607 3619; x_wconf 79' lang='grc' dir='ltr'><strong>όρῶ.</strong></span> <span class='ocrx_word' id='word_1_194' title='bbox 634 3569 675 3577; x_wconf 97' lang='grc'>-</span> <span class='ocrx_word' id='word_1_195' title='bbox 699 3537 769 3607; x_wconf 83' lang='grc' dir='ltr'><em>ποῖ,</em></span> <span class='ocrx_word' id='word_1_196' title='bbox 794 3525 879 3616; x_wconf 89' lang='grc' dir='ltr'><em>πρός</em></span> <span class='ocrx_word' id='word_1_197' title='bbox 902 3528 1002 3599; x_wconf 73' lang='grc' dir='ltr'><strong>θεῶν,</strong></span> <span class='ocrx_word' id='word_1_198' title='bbox 1027 3533 1088 3593; x_wconf 89' lang='grc' dir='ltr'><strong>ποῖ</strong></span> <span class='ocrx_word' id='word_1_199' title='bbox 1111 3532 1173 3592; x_wconf 92' lang='grc' dir='ltr'><strong>ποῖ</strong></span> <span class='ocrx_word' id='word_1_200' title='bbox 1196 3524 1309 3609; x_wconf 59' lang='lat' dir='ltr'><strong>pulvim</strong></span> 
     </span>
     <span class='ocr_line' id='line_1_29' title="bbox 328 3630 1234 3724; baseline -0.01 -19"><span class='ocrx_word' id='word_1_201' title='bbox 328 3676 369 3685; x_wconf 95' lang='lat'>-</span> <span class='ocrx_word' id='word_1_202' title='bbox 394 3635 524 3724; x_wconf 69' lang='grc' dir='ltr'><em>γαληναί.</em></span> <span class='ocrx_word' id='word_1_203' title='bbox 550 3676 590 3684; x_wconf 92' lang='grc'><strong>-</strong></span> <span class='ocrx_word' id='word_1_204' title='bbox 616 3633 679 3722; x_wconf 70' lang='grc' dir='ltr'><strong>ἐγώ</strong></span> <span class='ocrx_word' id='word_1_205' title='bbox 699 3635 825 3722; x_wconf 63' lang='grc' dir='ltr'><strong>-δέἷίμηυ</strong></span> <span class='ocrx_word' id='word_1_206' title='bbox 848 3660 884 3702; x_wconf 85' lang='grc' dir='ltr'><strong>οε</strong></span> <span class='ocrx_word' id='word_1_207' title='bbox 909 3634 1008 3721; x_wconf 74' lang='grc' dir='ltr'><em>γαλῆν</em></span> <span class='ocrx_word' id='word_1_208' title='bbox 1031 3632 1136 3718; x_wconf 80' lang='grc' dir='ltr'><strong>λέγειν</strong></span> <span class='ocrx_word' id='word_1_209' title='bbox 1158 3630 1234 3718; x_wconf 80' lang='grc' dir='ltr'><strong>όρώ.</strong></span> 
     </span>
    </p>
   </div>
   <div class='ocr_carea' id='block_1_8' title="bbox 237 3772 1409 3972">
    <p class='ocr_par' dir='ltr' id='par_1_11' title="bbox 237 3772 1409 3972">
     <span class='ocr_line' id='line_1_30' title="bbox 237 3772 1409 3863; baseline -0.008 -20"><span class='ocrx_word' id='word_1_210' title='bbox 237 3779 420 3862; x_wconf 91' lang='lat' dir='ltr'><strong>Hegelochi</strong></span> <span class='ocrx_word' id='word_1_211' title='bbox 449 3781 529 3844; x_wconf 91' lang='lat' dir='ltr'><strong>illud</strong></span> <span class='ocrx_word' id='word_1_212' title='bbox 562 3787 712 3863; x_wconf 89' lang='lat' dir='ltr'><strong>spectans</strong></span> <span class='ocrx_word' id='word_1_213' title='bbox 744 3780 776 3843; x_wconf 93' lang='lat' dir='ltr'><strong>in</strong></span> <span class='ocrx_word' id='word_1_214' title='bbox 807 3777 970 3860; x_wconf 88' lang='lat' dir='ltr'><strong>loquendo</strong></span> <span class='ocrx_word' id='word_1_215' title='bbox 994 3777 1132 3861; x_wconf 77' lang='lat' dir='ltr'><strong>lapsum,</strong></span> <span class='ocrx_word' id='word_1_216' title='bbox 1156 3775 1236 3838; x_wconf 91' lang='lat' dir='ltr'><strong>mire</strong></span> <span class='ocrx_word' id='word_1_217' title='bbox 1261 3772 1409 3854; x_wconf 86' lang='lat' dir='ltr'><strong>congruit</strong></span> 
     </span>
     <span class='ocr_line' id='line_1_31' title="bbox 239 3884 983 3972; baseline -0.003 -21"><span class='ocrx_word' id='word_1_218' title='bbox 239 3908 312 3951; x_wconf 92' lang='lat' dir='ltr'><strong>cum</strong></span> <span class='ocrx_word' id='word_1_219' title='bbox 336 3887 528 3972; x_wconf 89' lang='lat' dir='ltr'><strong>Epicharmi</strong></span> <span class='ocrx_word' id='word_1_220' title='bbox 549 3889 675 3952; x_wconf 89' lang='lat' dir='ltr'><strong>ratione</strong></span> <span class='ocrx_word' id='word_1_221' title='bbox 700 3885 833 3950; x_wconf 89' lang='lat' dir='ltr'><strong>ludendi</strong></span> <span class='ocrx_word' id='word_1_222' title='bbox 856 3884 916 3968; x_wconf 84' lang='lat' dir='ltr'><strong>frg.</strong></span> <span class='ocrx_word' id='word_1_223' title='bbox 942 3886 983 3949; x_wconf 72' lang='lat'><strong>87</strong></span> 
     </span>
    </p>
   </div>
   <div class='ocr_carea' id='block_1_9' title="bbox 345 4039 1305 4347">
    <p class='ocr_par' dir='ltr' id='par_1_12' title="bbox 345 4039 1305 4347">
     <span class='ocr_line' id='line_1_32' title="bbox 345 4039 1266 4130; baseline -0.014 -16"><span class='ocrx_word' id='word_1_224' title='bbox 345 4087 387 4094; x_wconf 94' lang='lat'>—</span> <span class='ocrx_word' id='word_1_225' title='bbox 413 4045 430 4113; x_wconf 90' lang='grc' dir='ltr'><em>ό</em></span> <span class='ocrx_word' id='word_1_226' title='bbox 455 4046 543 4120; x_wconf 74' lang='grc' dir='ltr'><strong>Ζεύς</strong></span> <span class='ocrx_word' id='word_1_227' title='bbox 566 4042 767 4129; x_wconf 75' lang='grc' dir='ltr'><strong>μ”ἕκόλεσε,</strong></span> <span class='ocrx_word' id='word_1_228' title='bbox 793 4043 926 4111; x_wconf 77' lang='grc' dir='ltr'><em>Πέλοπί</em></span> <span class='ocrx_word' id='word_1_229' title='bbox 950 4042 977 4129; x_wconf 78' lang='grc' dir='ltr'><strong>γ’</strong></span> <span class='ocrx_word' id='word_1_230' title='bbox 1002 4041 1115 4130; x_wconf 74' lang='grc' dir='ltr'><em>ε”ρανου</em></span> <span class='ocrx_word' id='word_1_231' title='bbox 1139 4039 1266 4108; x_wconf 76' lang='grc' dir='ltr'><strong>ἱστιῶν.</strong></span> 
     </span>
     <span class='ocr_line' id='line_1_33' title="bbox 345 4142 1160 4241; baseline -0.01 -20"><span class='ocrx_word' id='word_1_232' title='bbox 345 4193 388 4199; x_wconf 93' lang='grc'>-</span> <span class='ocrx_word' id='word_1_233' title='bbox 415 4145 433 4240; x_wconf 73' lang='grc' dir='ltr'><em>ἦ</em></span> <span class='ocrx_word' id='word_1_234' title='bbox 456 4151 673 4241; x_wconf 65' lang='grc' dir='ltr'><em>παμπόνηρον</em></span> <span class='ocrx_word' id='word_1_235' title='bbox 696 4150 792 4239; x_wconf 74' lang='grc' dir='ltr'><em>ὄψον,</em></span> <span class='ocrx_word' id='word_1_236' title='bbox 818 4142 853 4216; x_wconf 77' lang='grc' dir='ltr'><strong>ιδ’</strong></span> <span class='ocrx_word' id='word_1_237' title='bbox 878 4149 948 4226; x_wconf 83' lang='grc' dir='ltr'><strong>τόν,</strong></span> <span class='ocrx_word' id='word_1_238' title='bbox 972 4148 990 4215; x_wconf 86' lang='grc' dir='ltr'><em>ό</em></span> <span class='ocrx_word' id='word_1_239' title='bbox 1015 4149 1160 4236; x_wconf 74' lang='grc' dir='ltr'><em>γέρανος.</em></span> 
     </span>
     <span class='ocr_line' id='line_1_34' title="bbox 347 4250 1305 4347; baseline -0.009 -21"><span class='ocrx_word' id='word_1_240' title='bbox 347 4300 387 4308; x_wconf 92' lang='grc'><strong>-</strong></span> <span class='ocrx_word' id='word_1_241' title='bbox 412 4258 482 4328; x_wconf 72' lang='grc' dir='ltr'><strong>ἀλλ’</strong></span> <span class='ocrx_word' id='word_1_242' title='bbox 508 4258 578 4326; x_wconf 71' lang='lat' dir='ltr'><strong>oiim</strong></span> <span class='ocrx_word' id='word_1_243' title='bbox 605 4259 747 4347; x_wconf 78' lang='grc' dir='ltr'><em>γέρανον,</em></span> <span class='ocrx_word' id='word_1_244' title='bbox 772 4256 842 4341; x_wconf 69' lang='grc' dir='ltr'><strong>αλλ’</strong></span> <span class='ocrx_word' id='word_1_245' title='bbox 866 4255 982 4345; x_wconf 74' lang='grc' dir='ltr'><em>ἔρανόν</em></span> <span class='ocrx_word' id='word_1_246' title='bbox 1006 4255 1112 4341; x_wconf 76' lang='grc' dir='ltr'><em>&lt;γό&gt;</em></span> <span class='ocrx_word' id='word_1_247' title='bbox 1135 4277 1185 4319; x_wconf 82' lang='grc' dir='ltr'><strong>τοι</strong></span> <span class='ocrx_word' id='word_1_248' title='bbox 1212 4250 1305 4335; x_wconf 74' lang='grc' dir='ltr'><em>λέγω.</em></span> 
     </span>
    </p>
   </div>
   <div class='ocr_carea' id='block_1_10' title="bbox 0 0 1631 4898">
    <p class='ocr_par' dir='ltr' id='par_1_13' title="bbox 0 0 1631 4898">
     <span class='ocr_line' id='line_1_35' title="bbox 0 0 1631 4898; baseline 0 0"><span class='ocrx_word' id='word_1_249' title='bbox 0 0 1631 4898; x_wconf 95' lang='lat' dir='ltr'><strong> </strong></span> 
     </span>
    </p>
   </div>
  </div>
 </body>
</html>
