3240 4898
801 1108 848 1173 Π.

328 1349 540 1436 Quantopere
579 1350 797 1433 Epicharmus
834 1371 905 1414 sese
944 1350 1139 1433 applicuerit
1174 1351 1216 1416 ad
1252 1350 1410 1416 ludicram

237 1458 421 1523 fabularum
454 1458 671 1541 mythicarum
705 1458 933 1521 tractationem
967 1464 1080 1522 notum
1113 1464 1179 1540 est,
1215 1457 1293 1522 deos
1325 1459 1411 1523 enim

237 1572 336 1648 atque
349 1565 465 1629 heroes
479 1565 607 1629 videtur
619 1563 785 1628 induxisse
802 1563 951 1628 humanis
968 1565 1099 1647 penitus
1116 1564 1252 1630 affectos
1265 1565 1411 1630 moribus

238 1673 399 1755 vitiisque,
423 1673 497 1736 vitae
521 1671 712 1754 voluptariae
736 1671 831 1735 nimis
856 1672 1044 1749 servientes
1068 1672 1209 1737 maximo
1227 1672 1291 1736 cibi
1306 1673 1410 1755 potio·

237 1780 352 1862 nisque
377 1779 538 1843 desiderio
561 1778 705 1843 naturali
728 1777 867 1842 deditos.
913 1777 985 1842 Nec
1009 1779 1072 1861 ipsi
1095 1780 1244 1862 pepercit
1274 1778 1410 1843 deorum

236 1885 333 1970 patri,
358 1885 478 1968 quippe
502 1885 557 1968 qui
581 1886 615 1949 in
648 1891 838 1967 sumptuosa
869 1884 924 1949 illa
954 1887 1143 1968 nuptiarum
1176 1907 1257 1950 cena
1287 1885 1410 1968 piscem

237 1994 289 2058 cui
305 1989 388 2077 ἔλοψ
403 2013 520 2056 nomen
537 1997 595 2072 est,
613 1993 812 2056 rarissimum
828 1992 1173 2076 pretiosissimumque,
1199 1992 1290 2057 ouius
1307 2014 1408 2056 unum

235 2099 460 2166 tantummodo
496 2099 589 2164 adest
625 2099 799 2182 exemplar,
835 2099 897 2163 sibi
932 2106 1030 2182 atque
1062 2100 1190 2182 coniugi
1221 2120 1288 2164 suae
1318 2097 1411 2170 iubet

236 2209 351 2291 reponi
375 2206 449 2292 (frg.
476 2205 542 2292 71).
590 2204 656 2271 sed
678 2206 912 2289 Epicharmum
937 2207 1075 2288 primum
1099 2228 1151 2271 res
1181 2205 1342 2290 mythicas
1374 2204 1409 2269 in

235 2314 343 2379 lusum
370 2314 541 2396 iocumque
570 2315 769 2378 convertisse
792 2334 888 2377 nemo
915 2314 977 2377 erit
1000 2314 1055 2396 qui
1084 2313 1199 2378 credat
1226 2319 1324 2395 atque
1354 2333 1410 2394 op·

236 2423 314 2487 timo
354 2420 395 2485 de
435 2420 601 2485 comoediae
640 2421 866 2504 mytnologioae
906 2420 1113 2486 incrementis
1151 2419 1308 2484 iudicavit
1344 2419 1409 2483 iam

235 2527 351 2610 Munk,
386 2527 425 2591 de
449 2527 569 2591 fabulis
593 2525 758 2592 Atellanis
782 2528 896 2610 (1840)
920 2549 952 2610 p.
977 2529 1020 2590 84
1045 2527 1218 2604 ¹,Ridicula
1242 2525 1410 2591 conversio

236 2634 434 2718 tragicorum
465 2655 574 2697 rerum
604 2633 691 2716 apud
724 2632 852 2699 Siculos
886 2644 918 2696 et
950 2633 1057 2697 ltaliae
1088 2633 1251 2697 inferioris
1285 2632 1410 2696 incolae

235 2742 299 2805 iam
324 2762 364 2805 ex
387 2741 621 2823 antiquissimis
649 2741 850 2822 temporibus
882 2741 1015 2818 exstitit,
1047 2761 1153 2823 neque
1184 2740 1308 2804 invenit
1330 2739 1410 2821 Epi·

236 2848 386 2912 charmus
429 2847 644 2931 nrythioarum
690 2868 799 2911 rerum
838 2846 1008 2910 ridiculam
1048 2846 1310 2930 descriptionem,
1351 2845 1408 2910 sed

235 2956 358 3038 primus
381 2955 443 3019 fuit
467 2954 523 3037 qui
547 2974 616 3018 eam
643 2953 843 3022 excolebat.“

323 3061 441 3144 Neque
465 3061 527 3125 hoc
550 3061 697 3125 homines
722 3061 836 3125 doctos
865 3060 949 3145 fugit
979 3061 1013 3123 in
1043 3061 1115 3143 ipsa
1141 3059 1272 3126 Graecia
1302 3067 1409 3126 ortum

236 3189 306 3233 esse
331 3190 425 3232 usum
448 3168 539 3231 illum
562 3189 614 3233 res
632 3174 664 3233 et
680 3189 838 3250 personas
854 3168 1013 3252 mythicas
1031 3189 1151 3251 easque
1168 3189 1227 3250 per
1243 3190 1277 3233 se
1294 3190 1409 3253 graves

234 3275 375 3340 ludibrio
399 3274 549 3340 habendi.
595 3274 725 3340 Fabula
747 3275 966 3358 Epicharmea
989 3275 1168 3356 Κωμασταὶ
1191 3269 1210 3362 ἢ
1232 3271 1411 3362 Ἥφαιστος

234 3383 393 3465 inscripta
416 3403 557 3465 quonam
580 3383 613 3446 in
638 3388 829 3467 argumento
847 3389 976 3447 versata
993 3383 1035 3447 sit
1052 3383 1254 3448 demonstrat
1269 3383 1409 3449 Photius

235 3489 316 3556 Lex.
343 3494 394 3574 74,
430 3492 445 3554 1
471 3483 572 3575 Ἥρας
604 3487 739 3572 δεσμοὺς
768 3481 834 3554 ὑπὸ
864 3487 958 3566 υἱέος,
988 3489 1156 3565 πολιτείας
1178 3487 1211 3572 β’
1235 3490 1347 3578 (Plato
1370 3490 1409 3554 II

235 3600 299 3661 378
324 3595 359 3681 d)
396 3589 479 3660 olleo
514 3601 687 3682 γραπτέον.
723 3595 812 3683 παρὰ
848 3593 993 3683 Πινδάρῳ
1033 3595 1094 3682 γὰρ
1131 3589 1197 3663 dict
1229 3590 1410 3684 Ἡφαίστου

234 3701 422 3785 δεσμεύεται
452 3700 485 3768 ἐν
516 3711 563 3790 τῷ
593 3695 651 3769 drr'
682 3695 781 3768 cedron
811 3707 1109 3769 κατασκευασθέντι
1133 3702 1259 3790 θρόνῳ,
1284 3698 1303 3768 ὅ
1325 3727 1409 3780 τινες

233 3803 447 3898 οἷγνοήσαντες
477 3808 657 3897 γράφουσιν
691 3803 776 3896 „tired
801 3809 911 3890 Διός,“
943 3812 998 3876 καὶ
1030 3812 1113 3899 φασὶ
1145 3811 1280 3897 δεθῆναι
1311 3801 1408 3897 αὐτὴν

234 3915 508 4000 ἐπιβουλεύσασαν
530 3910 693 4004 Ἡρακλεῖ.
710 3917 853 4004 Κλήμης.
872 3912 891 4005 ἡ
907 3917 1035 4006 ἱστορία
1051 3920 1106 3983 καὶ
1122 3910 1201 4005 παρ’
1217 3910 1407 4004 Ἐπιχάρμῳ

235 4020 267 4088 ἐν
297 4032 494 4107 Κωμασταῖς
525 4020 544 4113 ἢ
572 4018 751 4112 Ἡφαίστῳ.
799 4026 936 4090 Fabula
966 4028 1127 4092 rationem
1158 4028 1355 4114 ignoramus,
1389 4048 1406 4091 e

234 4132 335 4214 priori
359 4138 469 4197 tamen
492 4133 581 4197 tituli
612 4140 706 4216 parte
737 4133 799 4198 hoc
829 4133 897 4198 lere
928 4135 1123 4199 concludere
1155 4134 1240 4214 licet,
1267 4132 1408 4200 Vulcani

235 4239 330 4303 eiecti
352 4240 386 4303 in
410 4238 585 4324 Olympum
608 4240 749 4305 reditum
774 4263 846 4305 cum
877 4240 984 4306 thiaso
1016 4241 1171 4306 bacchico
1201 4241 1406 4325 propositum
