3240 4898
702 345 922 409 „37-

332 545 365 604 τί
388 542 441 603 σοι’
464 543 537 603 ποτ’
562 536 627 603 ἔστ’
652 530 755 620 άνομ’;
781 527 838 601 οάκ
861 537 961 625 ἐρεῑς;
984 575 1028 582 -
1050 533 1271 625 μιαρω’τατος.

332 685 374 694 -
398 644 547 722 ντοόαντὸς
569 643 607 710 τὸ
630 648 720 728 γένος
742 640 817 727 ὄέἶς
843 640 942 730 φράζε
964 667 1036 726 μοι.
1054 686 1097 697 -
1112 641 1330 730 μιαρώτατος.

332 793 375 800 -
399 751 504 838 πατὴρ
527 751 560 816 δέ
584 771 637 815 σοι
660 754 710 827 τίς
734 747 811 835 ἕσας
838 788 876 798 -
902 751 988 838 ἐμοί;
1011 748 1223 836 μιαρώτατος.

315 894 419 978 Quem
439 896 546 959 iocum
564 915 631 958 non
647 894 749 977 ipsius
769 915 839 959 esse
853 893 1084 977 Aristophanis
1098 893 1200 959 tradit
1209 893 1308 962 schol.
1322 894 1398 956 185:

225 1010 321 1066 τοῦτο
350 1002 481 1085 (triplex
512 1001 594 1065 illud
624 999 842 1087 μιαρώτατος)
862 1050 868 1065 .
887 1052 893 1065 .
914 1050 920 1063 .
945 998 982 1064 τὸ
1012 991 1134 1087 άληθὲς
1164 998 1220 1087 τὴν
1249 990 1399 1086 άφορμὴν

225 1106 259 1173 ἐκ
282 1115 337 1173 τοῦ
361 1111 520 1194 Σκίρωνος
543 1107 620 1193 παρ’
644 1098 850 1193 Ἐπιχάρμου
874 1104 949 1188 ἔχει,
975 1104 1048 1171 ἐπεὶ
1072 1097 1217 1182 κάκεῑνος
1239 1109 1399 1192 ντεντοίηκο

224 1214 279 1280 τὸν
308 1213 432 1301 φορμὸν
462 1211 667 1302 ἐρωτηθέντα
700 1217 770 1294 ητις
801 1211 869 1278 ἔστι
899 1211 1021 1300 μήτηριι
1053 1204 1303 1297 άντοκρινόμενον
1332 1211 1398 1275 κτλ.

223 1322 413 1406 Epicharmi
436 1343 549 1386 versus
573 1322 659 1385 hunc
689 1322 723 1385 in
753 1321 884 1384 modurn
912 1321 1056 1385 restituit
1078 1319 1202 1384 Kaibel
1225 1317 1298 1403 (irg.
1319 1317 1395 1403 125)

332 1503 373 1511 -
397 1467 447 1540 τίς
471 1460 541 1528 ἔστι
562 1461 681 1550 μάτηρ,·
706 1501 743 1510 -
771 1467 881 1540 Σακὶς.
906 1501 950 1511 -
972 1454 1053 1526 oillei
1077 1466 1127 1539 τίς
1149 1458 1269 1551 πατήρς

331 1609 374 1619 -
397 1574 508 1647 Σακίς.
532 1608 576 1618 -
599 1574 650 1646 τίς
671 1561 828 1657 άάελφεὸς
850 1570 899 1653 ὣς
923 1608 966 1618 -
990 1573 1095 1646 Σακίς.
1192 1640 1194 1644 ,

313 1713 428 1778 Utrius
452 1721 562 1779 autern
586 1713 676 1778 lusus
701 1713 816 1778 salsior
849 1714 890 1778 sit
914 1719 948 1777 et
969 1714 1019 1777 rei
1043 1712 1151 1795 aptior
1178 1712 1249 1776 luce
1274 1712 1393 1776 clarius

223 1827 272 1886 est
289 1826 388 1903 atque
405 1842 529 1884 summo
546 1821 617 1885 iure
643 1819 819 1885 scholiasta
841 1820 896 1885 ille
920 1818 1089 1884 adnotavit
1111 1810 1179 1882 ἄλλ’
1205 1815 1324 1895 ἐκεῖνος
1338 1817 1397 1901 μὲν

223 1928 305 2009 (scil.
339 1927 446 1991 corbis
482 1926 686 2012 Epicharmi)
722 1923 812 2003 ’ἔδοξε
847 1924 929 2012 πρὸς
963 1923 1000 1989 τὸ
1035 1922 1239 2011 ἐρωτώμενον
1272 1926 1327 1988 καὶ
1361 1922 1399 1989 τὸ

224 2032 292 2120 ἑξῆς
324 2033 412 2119 (fort.
437 2030 518 2097 κατὰ
546 2031 584 2098 τὸ
607 2032 768 2116 συγγενὲς.
794 2033 928 2115 Kaibel)
958 2029 1222 2117 άντοκρίνεοθαι·’
1239 2029 1309 2096 ’ἐστι
1336 2029 1399 2118 γάρ

223 2165 273 2217 τις
306 2150 376 2217 τοῖς
411 2148 549 2226 φορμοῖς
584 2143 750 2223 συγγένεια
788 2137 870 2226 πρὸς
907 2137 965 2215 τὰς
1003 2137 1142 2225 οηκίδας,
1183 2135 1326 2203 ἐνταῦθα
1364 2137 1398 2203 δὲ

225 2238 330 2311 οὐκέτι
368 2245 450 2310 κατὰ
490 2243 527 2312 τὸ
566 2245 715 2330 συγγενὲς
754 2234 847 2323 οὗτος
884 2246 965 2328 (scil.
1006 2243 1178 2332 Trygaeus)
1217 2236 1396 2334 άντεκρίθη.

225 2354 387 2436 Designat
412 2354 496 2418 enim
521 2354 614 2439 οηκὶς
637 2374 700 2417 vox
723 2353 873 2418 ancillam
896 2355 970 2439 (Ar.
996 2353 1097 2435 Vesp.
1123 2354 1204 2436 7683
1234 2353 1318 2417 Poll.
1336 2352 1394 2416 ΙΠ

226 2461 292 2541 76),
326 2481 398 2543 quae
422 2460 565 2543 perbene
588 2461 622 2524 in
646 2461 753 2524 corbis
784 2481 941 2546 responso
966 2466 1003 2522 ut
1026 2480 1144 2542 parens
1169 2460 1239 2524 eius
1262 2467 1393 2543 poterat

223 2567 476 2648 commemorari,
500 2588 561 2631 nec
584 2568 694 2650 inepte
711 2565 947 2645 Schneidewin,
972 2566 1091 2635 Exerc.
1109 2567 1180 2630 crit.
1198 2588 1224 2633 c.
1241 2565 1332 2634 VIII
1349 2569 1390 2631 55

225 2673 414 2757 „nimirum“
441 2674 547 2756 inquit
573 2675 688 2758 „unius
709 2673 836 2738 ancillae
859 2674 893 2737 in
910 2669 1039 2762 φορμόν
1055 2694 1149 2737 omne
1166 2674 1281 2738 estius
1298 2679 1397 2757 atquc

224 2781 413 2864 imperium:
445 2778 514 2844 haec
542 2801 670 2864 semper
694 2787 801 2864 gestat
826 2787 858 2844 et
880 2786 1011 2862 tractat,
1044 2786 1081 2845 ut
1103 2780 1210 2863 lepide
1235 2786 1268 2845 et
1291 2790 1396 2845 mater

223 2895 256 2951 et
279 2893 374 2969 pater
398 2893 432 2950 et
453 2886 557 2952 frater
580 2887 689 2951 vocari
705 2888 881 2970 potnerit.“
915 2886 980 2970 Qui
996 2888 1086 2951 iocus
1103 2908 1141 2950 eo
1158 2887 1262 2970 magis
1278 2887 1396 2974 placet,

222 2994 374 3076 quoniam
397 2994 498 3078 Σηκὶς
523 2993 716 3058 vocabulum
746 3015 805 3076 pro
838 2994 967 3057 nomine
995 3014 1123 3077 quoque
1147 2994 1279 3077 proprio
1305 2994 1396 3076 fungi

222 3107 350 3165 constat
373 3099 488 3184 (schol.
509 3099 609 3182 Vesp.
629 3102 701 3182 768,
718 3101 873 3165 Pherecr.
890 3100 951 3185 irg.
973 3103 1037 3187 10),
1062 3107 1160 3184 atque
1186 3101 1281 3167 facile
1297 3101 1392 3166 intel-

222 3208 310 3272 lectu
334 3213 383 3272 est
407 3207 569 3290 quomodo
594 3215 673 3272 aetas
697 3209 859 3291 posterior·
883 3208 1071 3290 Epicharmi
1103 3216 1240 3273 matrem
1264 3210 1389 3294 Σηκίάα

222 3314 392 3398 appellans
415 3312 518 3397 (Suid.
536 3311 738 3403 Ἐπίχαρμος
766 3324 796 3380 T
794 3312 910 3402 ιτύρου
935 3312 954 3401 ἢ
977 3313 1137 3402 Χιμάρου
1160 3317 1215 3382 καὶ
1238 3316 1393 3402 Σηκίάος)

220 3425 254 3485 in
278 3421 365 3485 hunc
389 3442 531 3486 errorem
556 3422 649 3505 lapsa
674 3423 716 3486 sit
740 3422 952 3505 singularem3
978 3421 1015 3492 cf.
1034 3422 1156 3487 Kaibel
1180 3423 1222 3487 ad
1238 3422 1299 3504 frg.
1319 3426 1392 3491 125.

222 3525 377 3592 Ceterum
409 3527 497 3592 vides
522 3527 724 3593 Mercurium
756 3529 1015 3611 aquaestionum
1046 3529 1160 3593 ordine
1188 3550 1284 3613 quem
1307 3528 1394 3612 frag·

220 3641 365 3699 mentum
400 3641 548 3699 nostrum
582 3635 707 3717 praehet
743 3635 898 3700 recedere
925 3632 1079 3708 ποδαπός
1113 3631 1150 3702 τά
1185 3635 1275 3720 γένος
1306 3658 1393 3718 quoe-

220 3748 347 3806 rentem
371 3749 470 3824 atque
494 3742 666 3807 verisimile
691 3743 773 3806 duco
799 3749 928 3824 poetam
953 3742 1007 3807 hio
1030 3744 1192 3808 iocantem
1215 3744 1396 3826 interroga·

220 3849 346 3912 tionum
369 3847 416 3912 illi
440 3848 585 3912 alludere
609 3848 715 3930 modo,
748 3871 845 3932 quem
867 3848 1011 3914 Athenis
1041 3850 1222 3933 antiquitus
1246 3851 1279 3913 in
1304 3871 1394 3915 more

220 3953 320 4019 fuisse
352 3955 385 4018 in
417 3954 628 4019 archontibus
660 3955 882 4020 examinandis
918 3955 1019 4020 refert
1045 3955 1254 4035 Aristoteles,
1287 3947 1394 4043 Ἄθην.

221 4059 294 4126 πολ.
319 4060 391 4143 LV,
417 4065 526 4145 3pag.
545 4063 586 4124 28
611 4061 821 4148 ἐπερωτῶσιν
845 4065 885 4140 δ’,
909 4059 987 4130 ὅταν
1010 4059 1237 4145 δοκιμάζωσιν,
1262 4064 1395 4151 πρῶτον

219 4166 279 4249 μὲν
310 4169 380 4254 „rie
409 4191 461 4234 σοι
493 4166 603 4255 πατὴρ
627 4171 683 4236 καὶ
711 4166 821 4239 πάθεν
852 4169 918 4236 τοῖν
948 4167 1069 4258 δήμων,
1101 4173 1156 4237 καὶ
1185 4171 1237 4244 τίς
1268 4167 1395 4259 πατρὸς

220 4271 340 4362 ντατηρ,
364 4276 419 4341 καὶ
441 4276 493 4348 τίς
516 4274 636 4364 μήτηρ,
661 4279 715 4344 καὶ
737 4278 790 4350 τίς
816 4274 940 4366 μητρὸς
968 4274 1077 4366 πατὴρ
1107 4280 1162 4345 καὶ
1193 4275 1302 4349 πάθεν
1331 4278 1396 4343 τιῦν
