<?xml version="1.0" encoding="UTF-8"?>
<!DOCTYPE html PUBLIC "-//W3C//DTD XHTML 1.0 Transitional//EN"
    "http://www.w3.org/TR/xhtml1/DTD/xhtml1-transitional.dtd">
<html xmlns="http://www.w3.org/1999/xhtml" xml:lang="en" lang="en">
 <head>
  <title>
</title>
<meta http-equiv="Content-Type" content="text/html;charset=utf-8" />
  <meta name='ocr-system' content='tesseract 3.04.00' />
  <meta name='ocr-capabilities' content='ocr_page ocr_carea ocr_par ocr_line ocrx_word'/>
</head>
<body>
  <div class='ocr_page' id='page_1' title='image "./dedoriensiumlud00saligoog_0058.png"; bbox 0 0 3240 4898; ppageno 0'>
   <div class='ocr_carea' id='block_1_1' title="bbox 698 351 916 416">
    <p class='ocr_par' dir='ltr' id='par_1_1' title="bbox 698 351 916 416">
     <span class='ocr_line' id='line_1_1' title="bbox 698 351 916 416; baseline -0.005 -16"><span class='ocrx_word' id='word_1_1' title='bbox 698 351 916 416; x_wconf 54' lang='lat'>„51„</span> 
     </span>
    </p>
   </div>
   <div class='ocr_carea' id='block_1_2' title="bbox 220 545 1394 1384">
    <p class='ocr_par' dir='ltr' id='par_1_2' title="bbox 220 545 1394 1384">
     <span class='ocr_line' id='line_1_2' title="bbox 220 545 1392 637; baseline 0.005 -27"><span class='ocrx_word' id='word_1_2' title='bbox 220 547 348 612; x_wconf 87' lang='lat' dir='ltr'>lustrati</span> <span class='ocrx_word' id='word_1_3' title='bbox 374 547 483 629; x_wconf 81' lang='lat' dir='ltr'>(inmg.</span> <span class='ocrx_word' id='word_1_4' title='bbox 509 545 546 608; x_wconf 87' lang='lat' dir='ltr'>Il.</span> <span class='ocrx_word' id='word_1_5' title='bbox 571 550 625 624; x_wconf 79' lang='lat'>22)</span> <span class='ocrx_word' id='word_1_6' title='bbox 651 547 880 629; x_wconf 86' lang='lat' dir='ltr'>descriptione,</span> <span class='ocrx_word' id='word_1_7' title='bbox 905 549 958 611; x_wconf 88' lang='lat' dir='ltr'>nbi</span> <span class='ocrx_word' id='word_1_8' title='bbox 985 571 1095 612; x_wconf 91' lang='lat' dir='ltr'>eorum</span> <span class='ocrx_word' id='word_1_9' title='bbox 1121 557 1259 614; x_wconf 85' lang='lat' dir='ltr'>catervae</span> <span class='ocrx_word' id='word_1_10' title='bbox 1281 549 1392 637; x_wconf 82' lang='grc' dir='ltr'><em>(λόχοι,</em></span> 
     </span>
     <span class='ocr_line' id='line_1_3' title="bbox 222 653 1393 743; baseline 0.003 -26"><span class='ocrx_word' id='word_1_11' title='bbox 222 653 261 718; x_wconf 83' lang='lat' dir='ltr'>cl.</span> <span class='ocrx_word' id='word_1_12' title='bbox 285 654 348 737; x_wconf 87' lang='lat' dir='ltr'>Ep.</span> <span class='ocrx_word' id='word_1_13' title='bbox 373 656 568 741; x_wconf 79' lang='grc' dir='ltr'><em>ΙΙογγιαρίιον</em></span> <span class='ocrx_word' id='word_1_14' title='bbox 591 654 737 738; x_wconf 77' lang='grc' dir='ltr'><em>λοχαγός)</em></span> <span class='ocrx_word' id='word_1_15' title='bbox 763 661 796 718; x_wconf 87' lang='lat' dir='ltr'>et</span> <span class='ocrx_word' id='word_1_16' title='bbox 820 655 961 737; x_wconf 90' lang='lat' dir='ltr'>pedibus</span> <span class='ocrx_word' id='word_1_17' title='bbox 986 657 1147 721; x_wconf 84' lang='lat' dir='ltr'>accedunt</span> <span class='ocrx_word' id='word_1_18' title='bbox 1179 665 1210 722; x_wconf 93' lang='lat' dir='ltr'>et</span> <span class='ocrx_word' id='word_1_19' title='bbox 1240 661 1393 743; x_wconf 80' lang='grc' dir='ltr'><em>ιιογμαίῳ</em></span> 
     </span>
     <span class='ocr_line' id='line_1_4' title="bbox 222 758 1394 851; baseline 0.003 -26"><span class='ocrx_word' id='word_1_20' title='bbox 222 761 322 846; x_wconf 78' lang='grc' dir='ltr'><em>ζεύγει</em></span> <span class='ocrx_word' id='word_1_21' title='bbox 353 758 510 848; x_wconf 76' lang='grc' dir='ltr'><em>ἐφεστᾶσι</em></span> <span class='ocrx_word' id='word_1_22' title='bbox 547 761 634 838; x_wconf 88' lang='lat' dir='ltr'>„und</span> <span class='ocrx_word' id='word_1_23' title='bbox 667 782 751 826; x_wconf 85' lang='lat' dir='ltr'>awar</span> <span class='ocrx_word' id='word_1_24' title='bbox 787 762 873 827; x_wconf 90' lang='lat' dir='ltr'>nach</span> <span class='ocrx_word' id='word_1_25' title='bbox 910 762 967 826; x_wconf 88' lang='lat' dir='ltr'>der</span> <span class='ocrx_word' id='word_1_26' title='bbox 999 763 1202 848; x_wconf 75' lang='lat' dir='ltr'>Vulgttrsage</span> <span class='ocrx_word' id='word_1_27' title='bbox 1235 765 1394 851; x_wconf 78' lang='grc' dir='ltr'><em>περδίκων</em></span> 
     </span>
     <span class='ocr_line' id='line_1_5' title="bbox 222 869 1391 959; baseline 0.002 -24"><span class='ocrx_word' id='word_1_28' title='bbox 222 870 302 935; x_wconf 88' lang='lat' dir='ltr'>oder</span> <span class='ocrx_word' id='word_1_29' title='bbox 333 877 431 955; x_wconf 85' lang='grc' dir='ltr'><em>κριιῦκ</em></span> <span class='ocrx_word' id='word_1_30' title='bbox 461 869 552 948; x_wconf 73' lang='lat' dir='ltr'>(Ath.</span> <span class='ocrx_word' id='word_1_31' title='bbox 576 869 628 932; x_wconf 84' lang='lat' dir='ltr'>IX</span> <span class='ocrx_word' id='word_1_32' title='bbox 652 872 716 932; x_wconf 85' lang='grc'>390</span> <span class='ocrx_word' id='word_1_33' title='bbox 731 869 773 951; x_wconf 86' lang='lat' dir='ltr'>b),</span> <span class='ocrx_word' id='word_1_34' title='bbox 808 870 893 933; x_wconf 85' lang='lat' dir='ltr'>nach</span> <span class='ocrx_word' id='word_1_35' title='bbox 923 870 1100 952; x_wconf 82' lang='lat' dir='ltr'>Epicharnr</span> <span class='ocrx_word' id='word_1_36' title='bbox 1124 911 1167 918; x_wconf 86' lang='lat'>—</span> <span class='ocrx_word' id='word_1_37' title='bbox 1190 872 1391 959; x_wconf 76' lang='grc' dir='ltr'><em>κακθάριοκ.“</em></span> 
     </span>
     <span class='ocr_line' id='line_1_6' title="bbox 221 976 1393 1061; baseline 0.001 -19"><span class='ocrx_word' id='word_1_38' title='bbox 221 976 276 1061; x_wconf 87' lang='lat' dir='ltr'>(de</span> <span class='ocrx_word' id='word_1_39' title='bbox 293 977 466 1060; x_wconf 85' lang='lat' dir='ltr'>Pygmaeis</span> <span class='ocrx_word' id='word_1_40' title='bbox 483 977 649 1040; x_wconf 73' lang='lat' dir='ltr'>cantharis</span> <span class='ocrx_word' id='word_1_41' title='bbox 666 976 883 1040; x_wconf 77' lang='lat' dir='ltr'>insidentibus</span> <span class='ocrx_word' id='word_1_42' title='bbox 899 978 1059 1058; x_wconf 80' lang='lat' dir='ltr'>cogitarat</span> <span class='ocrx_word' id='word_1_43' title='bbox 1076 982 1140 1042; x_wconf 87' lang='lat' dir='ltr'>iarn</span> <span class='ocrx_word' id='word_1_44' title='bbox 1157 977 1393 1061; x_wconf 82' lang='lat' dir='ltr'>Schneidewin,</span> 
     </span>
     <span class='ocr_line' id='line_1_7' title="bbox 222 1082 1393 1168; baseline 0.003 -21"><span class='ocrx_word' id='word_1_45' title='bbox 222 1105 327 1148; x_wconf 84' lang='lat' dir='ltr'>exere.</span> <span class='ocrx_word' id='word_1_46' title='bbox 353 1084 424 1150; x_wconf 90' lang='lat' dir='ltr'>erit.</span> <span class='ocrx_word' id='word_1_47' title='bbox 449 1082 538 1149; x_wconf 82' lang='lat' dir='ltr'>VIII</span> <span class='ocrx_word' id='word_1_48' title='bbox 563 1084 629 1167; x_wconf 80' lang='lat'>51).</span> <span class='ocrx_word' id='word_1_49' title='bbox 674 1083 791 1166; x_wconf 84' lang='lat' dir='ltr'>Itaque</span> <span class='ocrx_word' id='word_1_50' title='bbox 818 1085 865 1147; x_wconf 92' lang='lat' dir='ltr'>vir</span> <span class='ocrx_word' id='word_1_51' title='bbox 890 1084 1005 1149; x_wconf 88' lang='lat' dir='ltr'>doetus</span> <span class='ocrx_word' id='word_1_52' title='bbox 1029 1083 1285 1168; x_wconf 79' lang='lat' dir='ltr'>Aristophanem</span> <span class='ocrx_word' id='word_1_53' title='bbox 1309 1087 1393 1151; x_wconf 90' lang='lat' dir='ltr'>arbi-</span> 
     </span>
     <span class='ocr_line' id='line_1_8' title="bbox 221 1191 1394 1274; baseline 0.001 -18"><span class='ocrx_word' id='word_1_54' title='bbox 221 1198 329 1256; x_wconf 87' lang='lat' dir='ltr'>tratur</span> <span class='ocrx_word' id='word_1_55' title='bbox 351 1191 540 1274; x_wconf 81' lang='lat' dir='ltr'>Epicharmi</span> <span class='ocrx_word' id='word_1_56' title='bbox 577 1191 797 1255; x_wconf 73' lang='lat' dir='ltr'>inventionem</span> <span class='ocrx_word' id='word_1_57' title='bbox 835 1200 979 1255; x_wconf 88' lang='lat' dir='ltr'>secutum</span> <span class='ocrx_word' id='word_1_58' title='bbox 1016 1213 1096 1268; x_wconf 87' lang='lat' dir='ltr'>esse,</span> <span class='ocrx_word' id='word_1_59' title='bbox 1133 1215 1204 1258; x_wconf 90' lang='lat' dir='ltr'>eum</span> <span class='ocrx_word' id='word_1_60' title='bbox 1241 1195 1273 1258; x_wconf 92' lang='lat' dir='ltr'>in</span> <span class='ocrx_word' id='word_1_61' title='bbox 1306 1194 1394 1258; x_wconf 87' lang='lat' dir='ltr'>Pace</span> 
     </span>
     <span class='ocr_line' id='line_1_9' title="bbox 221 1296 1393 1384; baseline 0.003 -24"><span class='ocrx_word' id='word_1_62' title='bbox 221 1297 395 1381; x_wconf 80' lang='lat' dir='ltr'>Trygaeum</span> <span class='ocrx_word' id='word_1_63' title='bbox 426 1296 605 1361; x_wconf 81' lang='lat' dir='ltr'>introducit</span> <span class='ocrx_word' id='word_1_64' title='bbox 636 1299 667 1360; x_wconf 95' lang='lat' dir='ltr'>in</span> <span class='ocrx_word' id='word_1_65' title='bbox 700 1299 857 1362; x_wconf 87' lang='lat' dir='ltr'>cantharo</span> <span class='ocrx_word' id='word_1_66' title='bbox 882 1300 1082 1381; x_wconf 80' lang='lat' dir='ltr'>equitantem</span> <span class='ocrx_word' id='word_1_67' title='bbox 1107 1300 1246 1365; x_wconf 75' lang='lat' dir='ltr'>Aetneeo</span> <span class='ocrx_word' id='word_1_68' title='bbox 1270 1304 1311 1384; x_wconf 82' lang='lat' dir='ltr'>(v.</span> <span class='ocrx_word' id='word_1_69' title='bbox 1338 1303 1393 1366; x_wconf 73' lang='lat'>73:</span> 
     </span>
    </p>
   </div>
   <div class='ocr_carea' id='block_1_3' title="bbox 458 1456 1150 1548">
    <p class='ocr_par' dir='ltr' id='par_1_3' title="bbox 458 1456 1150 1548">
     <span class='ocr_line' id='line_1_10' title="bbox 458 1456 1150 1548; baseline 0.006 -27"><span class='ocrx_word' id='word_1_70' title='bbox 458 1456 597 1541; x_wconf 70' lang='grc' dir='ltr'><em>εἰσήγαγ’</em></span> <span class='ocrx_word' id='word_1_71' title='bbox 624 1456 768 1522; x_wconf 71' lang='lat' dir='ltr'>elevator</span> <span class='ocrx_word' id='word_1_72' title='bbox 790 1463 943 1543; x_wconf 76' lang='grc' dir='ltr'><em>μέγιστον</em></span> <span class='ocrx_word' id='word_1_73' title='bbox 965 1461 1150 1548; x_wconf 66' lang='grc' dir='ltr'><em>κάνθαρον).</em></span> 
     </span>
    </p>
   </div>
   <div class='ocr_carea' id='block_1_4' title="bbox 222 1619 1455 4381">
    <p class='ocr_par' dir='ltr' id='par_1_4' title="bbox 222 1619 1395 2133">
     <span class='ocr_line' id='line_1_11' title="bbox 222 1619 1394 1704; baseline 0 -18"><span class='ocrx_word' id='word_1_74' title='bbox 222 1623 304 1686; x_wconf 87' lang='lat' dir='ltr'>Haec</span> <span class='ocrx_word' id='word_1_75' title='bbox 330 1642 406 1702; x_wconf 82' lang='lat' dir='ltr'>ergo</span> <span class='ocrx_word' id='word_1_76' title='bbox 432 1621 493 1684; x_wconf 84' lang='lat' dir='ltr'>sibi</span> <span class='ocrx_word' id='word_1_77' title='bbox 517 1620 639 1684; x_wconf 89' lang='lat' dir='ltr'>eruisse</span> <span class='ocrx_word' id='word_1_78' title='bbox 664 1621 750 1685; x_wconf 85' lang='lat' dir='ltr'>visus</span> <span class='ocrx_word' id='word_1_79' title='bbox 776 1627 825 1684; x_wconf 82' lang='lat' dir='ltr'>est</span> <span class='ocrx_word' id='word_1_80' title='bbox 849 1619 985 1686; x_wconf 81' lang='lat' dir='ltr'>Orusius</span> <span class='ocrx_word' id='word_1_81' title='bbox 1001 1643 1032 1704; x_wconf 90' lang='lat' dir='ltr'>p.</span> <span class='ocrx_word' id='word_1_82' title='bbox 1051 1625 1114 1686; x_wconf 82' lang='lat'>293</span> <span class='ocrx_word' id='word_1_83' title='bbox 1142 1623 1214 1700; x_wconf 87' lang='lat' dir='ltr'>„die</span> <span class='ocrx_word' id='word_1_84' title='bbox 1233 1624 1394 1688; x_wconf 88' lang='lat' dir='ltr'>sicilisehe</span> 
     </span>
     <span class='ocr_line' id='line_1_12' title="bbox 222 1725 1395 1814; baseline -0.001 -20"><span class='ocrx_word' id='word_1_85' title='bbox 222 1730 391 1812; x_wconf 86' lang='lat' dir='ltr'>Dichtung</span> <span class='ocrx_word' id='word_1_86' title='bbox 414 1728 491 1791; x_wconf 88' lang='lat' dir='ltr'>liess</span> <span class='ocrx_word' id='word_1_87' title='bbox 516 1727 567 1791; x_wconf 89' lang='lat' dir='ltr'>die</span> <span class='ocrx_word' id='word_1_88' title='bbox 592 1749 725 1811; x_wconf 88' lang='lat' dir='ltr'>grossen</span> <span class='ocrx_word' id='word_1_89' title='bbox 749 1725 909 1814; x_wconf 75' lang='grc' dir='ltr'><em>κάνθαροι</em></span> <span class='ocrx_word' id='word_1_90' title='bbox 942 1751 1013 1794; x_wconf 91' lang='lat' dir='ltr'>vem</span> <span class='ocrx_word' id='word_1_91' title='bbox 1038 1731 1148 1794; x_wconf 86' lang='lat' dir='ltr'>Aetna</span> <span class='ocrx_word' id='word_1_92' title='bbox 1178 1730 1247 1795; x_wconf 89' lang='lat' dir='ltr'>also</span> <span class='ocrx_word' id='word_1_93' title='bbox 1272 1731 1395 1794; x_wconf 83' lang='lat' dir='ltr'>D&#39;aurn-</span> 
     </span>
     <span class='ocr_line' id='line_1_13' title="bbox 222 1834 1394 1920; baseline 0.001 -20"><span class='ocrx_word' id='word_1_94' title='bbox 222 1837 309 1920; x_wconf 83' lang='lat' dir='ltr'>linge</span> <span class='ocrx_word' id='word_1_95' title='bbox 339 1842 465 1918; x_wconf 85' lang='lat' dir='ltr'>tragen.</span> <span class='ocrx_word' id='word_1_96' title='bbox 493 1872 534 1880; x_wconf 83' lang='lat'>--</span> <span class='ocrx_word' id='word_1_97' title='bbox 559 1871 599 1880; x_wconf 92' lang='lat'>—-</span> <span class='ocrx_word' id='word_1_98' title='bbox 624 1834 690 1898; x_wconf 91' lang='lat' dir='ltr'>Die</span> <span class='ocrx_word' id='word_1_99' title='bbox 722 1835 861 1899; x_wconf 88' lang='lat' dir='ltr'>attische</span> <span class='ocrx_word' id='word_1_100' title='bbox 886 1835 1061 1901; x_wconf 85' lang='lat' dir='ltr'>Komoedie</span> <span class='ocrx_word' id='word_1_101' title='bbox 1091 1839 1225 1920; x_wconf 85' lang='lat' dir='ltr'>steigert</span> <span class='ocrx_word' id='word_1_102' title='bbox 1258 1837 1316 1901; x_wconf 91' lang='lat' dir='ltr'>das</span> <span class='ocrx_word' id='word_1_103' title='bbox 1345 1839 1394 1901; x_wconf 91' lang='lat' dir='ltr'>ins</span> 
     </span>
     <span class='ocr_line' id='line_1_14' title="bbox 224 1941 1393 2028; baseline 0 -20"><span class='ocrx_word' id='word_1_104' title='bbox 224 1942 404 2008; x_wconf 82' lang='lat' dir='ltr'>Groteske:</span> <span class='ocrx_word' id='word_1_105' title='bbox 429 1943 487 2005; x_wconf 88' lang='lat' dir='ltr'>der</span> <span class='ocrx_word' id='word_1_106' title='bbox 509 1941 674 2028; x_wconf 68' lang='grc' dir='ltr'><em>κάνθαρος</em></span> <span class='ocrx_word' id='word_1_107' title='bbox 698 1942 776 2005; x_wconf 88' lang='lat' dir='ltr'>wird</span> <span class='ocrx_word' id='word_1_108' title='bbox 808 1943 865 2006; x_wconf 85' lang='lat' dir='ltr'>mit</span> <span class='ocrx_word' id='word_1_109' title='bbox 890 1943 994 2006; x_wconf 92' lang='lat' dir='ltr'>einem</span> <span class='ocrx_word' id='word_1_110' title='bbox 1029 1943 1239 2025; x_wconf 84' lang='lat' dir='ltr'>leibhaltigen</span> <span class='ocrx_word' id='word_1_111' title='bbox 1272 1944 1393 2008; x_wconf 90' lang='lat' dir='ltr'>derben</span> 
     </span>
     <span class='ocr_line' id='line_1_15' title="bbox 224 2048 653 2133; baseline -0.002 -20"><span class='ocrx_word' id='word_1_112' title='bbox 224 2049 456 2133; x_wconf 82' lang='lat' dir='ltr'>Weing&#39;artner</span> <span class='ocrx_word' id='word_1_113' title='bbox 485 2048 653 2112; x_wconf 83' lang='lat' dir='ltr'>beladen.“</span> 
     </span>
    </p>

    <p class='ocr_par' dir='ltr' id='par_1_5' title="bbox 223 2155 1397 3289">
     <span class='ocr_line' id='line_1_16' title="bbox 311 2155 1396 2240; baseline 0 -20"><span class='ocrx_word' id='word_1_114' title='bbox 311 2157 430 2220; x_wconf 82' lang='lat' dir='ltr'>Restat</span> <span class='ocrx_word' id='word_1_115' title='bbox 453 2162 489 2219; x_wconf 89' lang='lat' dir='ltr'>ut</span> <span class='ocrx_word' id='word_1_116' title='bbox 514 2155 553 2219; x_wconf 92' lang='lat' dir='ltr'>de</span> <span class='ocrx_word' id='word_1_117' title='bbox 577 2155 746 2218; x_wconf 87' lang='lat' dir='ltr'>titulorum</span> <span class='ocrx_word' id='word_1_118' title='bbox 771 2156 980 2220; x_wconf 80' lang='lat' dir='ltr'>similitudine</span> <span class='ocrx_word' id='word_1_119' title='bbox 1008 2157 1190 2221; x_wconf 78' lang='lat' dir='ltr'>fabularum</span> <span class='ocrx_word' id='word_1_120' title='bbox 1215 2179 1286 2240; x_wconf 76' lang='lat' dir='ltr'>qure</span> <span class='ocrx_word' id='word_1_121' title='bbox 1317 2157 1396 2220; x_wconf 92' lang='lat' dir='ltr'>mihi</span> 
     </span>
     <span class='ocr_line' id='line_1_17' title="bbox 223 2262 1395 2346; baseline 0.001 -20"><span class='ocrx_word' id='word_1_122' title='bbox 223 2263 395 2327; x_wconf 89' lang='lat' dir='ltr'>videantur</span> <span class='ocrx_word' id='word_1_123' title='bbox 425 2263 536 2344; x_wconf 90' lang='lat' dir='ltr'>paucis</span> <span class='ocrx_word' id='word_1_124' title='bbox 569 2284 737 2344; x_wconf 85' lang='lat' dir='ltr'>exponam.</span> <span class='ocrx_word' id='word_1_125' title='bbox 784 2262 918 2326; x_wconf 87' lang='lat' dir='ltr'>Etenim</span> <span class='ocrx_word' id='word_1_126' title='bbox 952 2264 1136 2346; x_wconf 88' lang='lat' dir='ltr'>complures</span> <span class='ocrx_word' id='word_1_127' title='bbox 1170 2264 1281 2328; x_wconf 90' lang='lat' dir='ltr'>titulos</span> <span class='ocrx_word' id='word_1_128' title='bbox 1312 2286 1395 2327; x_wconf 88' lang='lat' dir='ltr'>com-</span> 
     </span>
     <span class='ocr_line' id='line_1_18' title="bbox 223 2368 1396 2453; baseline 0.001 -19"><span class='ocrx_word' id='word_1_129' title='bbox 223 2392 336 2434; x_wconf 85' lang='lat' dir='ltr'>munes</span> <span class='ocrx_word' id='word_1_130' title='bbox 368 2392 438 2434; x_wconf 88' lang='lat' dir='ltr'>esse</span> <span class='ocrx_word' id='word_1_131' title='bbox 472 2392 544 2433; x_wconf 93' lang='lat' dir='ltr'>cum</span> <span class='ocrx_word' id='word_1_132' title='bbox 575 2368 800 2451; x_wconf 86' lang='lat' dir='ltr'>Epicharrneis</span> <span class='ocrx_word' id='word_1_133' title='bbox 833 2369 1068 2434; x_wconf 87' lang='lat' dir='ltr'>demonstravit</span> <span class='ocrx_word' id='word_1_134' title='bbox 1091 2371 1224 2453; x_wconf 87' lang='lat' dir='ltr'>Kaibel,</span> <span class='ocrx_word' id='word_1_135' title='bbox 1255 2369 1396 2435; x_wconf 89' lang='lat' dir='ltr'>Hermes</span> 
     </span>
     <span class='ocr_line' id='line_1_19' title="bbox 224 2475 1396 2560; baseline 0.001 -20"><span class='ocrx_word' id='word_1_136' title='bbox 224 2477 349 2543; x_wconf 89' lang='lat' dir='ltr'>XXIV</span> <span class='ocrx_word' id='word_1_137' title='bbox 368 2480 419 2558; x_wconf 80' lang='lat'>54,</span> <span class='ocrx_word' id='word_1_138' title='bbox 445 2477 519 2540; x_wconf 93' lang='lat' dir='ltr'>adn.</span> <span class='ocrx_word' id='word_1_139' title='bbox 560 2475 749 2540; x_wconf 75' lang='lat' dir='ltr'>Cavendum</span> <span class='ocrx_word' id='word_1_140' title='bbox 773 2476 868 2541; x_wconf 90' lang='lat' dir='ltr'>modo</span> <span class='ocrx_word' id='word_1_141' title='bbox 895 2484 944 2541; x_wconf 89' lang='lat' dir='ltr'>est</span> <span class='ocrx_word' id='word_1_142' title='bbox 969 2500 1009 2541; x_wconf 93' lang='lat' dir='ltr'>ne</span> <span class='ocrx_word' id='word_1_143' title='bbox 1034 2478 1299 2560; x_wconf 84' lang='lat' dir='ltr'>inscriptionibus</span> <span class='ocrx_word' id='word_1_144' title='bbox 1323 2477 1396 2559; x_wconf 88' lang='lat' dir='ltr'>plus</span> 
     </span>
     <span class='ocr_line' id='line_1_20' title="bbox 223 2584 1395 2668; baseline 0 -20"><span class='ocrx_word' id='word_1_145' title='bbox 223 2608 320 2668; x_wconf 84' lang='lat' dir='ltr'>quam</span> <span class='ocrx_word' id='word_1_146' title='bbox 345 2584 440 2649; x_wconf 88' lang='lat' dir='ltr'>decet</span> <span class='ocrx_word' id='word_1_147' title='bbox 464 2584 643 2666; x_wconf 81' lang='lat' dir='ltr'>credamus,</span> <span class='ocrx_word' id='word_1_148' title='bbox 668 2606 744 2646; x_wconf 92' lang='lat' dir='ltr'>nam</span> <span class='ocrx_word' id='word_1_149' title='bbox 774 2605 791 2648; x_wconf 91' lang='lat' dir='ltr'>e</span> <span class='ocrx_word' id='word_1_150' title='bbox 821 2584 898 2649; x_wconf 87' lang='lat' dir='ltr'>solis</span> <span class='ocrx_word' id='word_1_151' title='bbox 930 2584 1114 2649; x_wconf 91' lang='lat' dir='ltr'>nominibus</span> <span class='ocrx_word' id='word_1_152' title='bbox 1146 2586 1198 2649; x_wconf 85' lang='lat' dir='ltr'>vix</span> <span class='ocrx_word' id='word_1_153' title='bbox 1227 2585 1269 2648; x_wconf 90' lang='lat' dir='ltr'>ad</span> <span class='ocrx_word' id='word_1_154' title='bbox 1301 2605 1395 2661; x_wconf 67' lang='lat' dir='ltr'>argu·</span> 
     </span>
     <span class='ocr_line' id='line_1_21' title="bbox 223 2690 1397 2775; baseline 0 -21"><span class='ocrx_word' id='word_1_155' title='bbox 223 2698 333 2756; x_wconf 87' lang='lat' dir='ltr'>menta</span> <span class='ocrx_word' id='word_1_156' title='bbox 356 2690 539 2754; x_wconf 89' lang='lat' dir='ltr'>fabularum</span> <span class='ocrx_word' id='word_1_157' title='bbox 565 2691 808 2772; x_wconf 81' lang='lat' dir='ltr'>deperditarum</span> <span class='ocrx_word' id='word_1_158' title='bbox 832 2692 1059 2773; x_wconf 88' lang='lat' dir='ltr'>cognoscenda</span> <span class='ocrx_word' id='word_1_159' title='bbox 1091 2692 1214 2775; x_wconf 87' lang='lat' dir='ltr'>aliquid</span> <span class='ocrx_word' id='word_1_160' title='bbox 1246 2691 1325 2755; x_wconf 89' lang='lat' dir='ltr'>effici</span> <span class='ocrx_word' id='word_1_161' title='bbox 1357 2714 1397 2754; x_wconf 84' lang='lat' dir='ltr'>ex</span> 
     </span>
     <span class='ocr_line' id='line_1_22' title="bbox 224 2798 1395 2882; baseline 0.002 -21"><span class='ocrx_word' id='word_1_162' title='bbox 224 2800 270 2862; x_wconf 89' lang='lat' dir='ltr'>eis</span> <span class='ocrx_word' id='word_1_163' title='bbox 306 2820 377 2880; x_wconf 78' lang='lat' dir='ltr'>qua</span> <span class='ocrx_word' id='word_1_164' title='bbox 409 2798 564 2862; x_wconf 74' lang='lat' dir='ltr'>Welelrer</span> <span class='ocrx_word' id='word_1_165' title='bbox 594 2800 615 2863; x_wconf 91' lang='lat' dir='ltr'>l.</span> <span class='ocrx_word' id='word_1_166' title='bbox 641 2821 667 2861; x_wconf 95' lang='lat' dir='ltr'>c.</span> <span class='ocrx_word' id='word_1_167' title='bbox 694 2801 757 2862; x_wconf 83' lang='lat'>335</span> <span class='ocrx_word' id='word_1_168' title='bbox 793 2798 973 2881; x_wconf 87' lang='lat' dir='ltr'>disputavit</span> <span class='ocrx_word' id='word_1_169' title='bbox 1008 2799 1150 2882; x_wconf 85' lang='lat' dir='ltr'>perbene</span> <span class='ocrx_word' id='word_1_170' title='bbox 1185 2798 1395 2882; x_wconf 84' lang='lat' dir='ltr'>intellegitur.</span> 
     </span>
     <span class='ocr_line' id='line_1_23' title="bbox 224 2903 1397 2988; baseline -0.001 -19"><span class='ocrx_word' id='word_1_171' title='bbox 224 2904 289 2969; x_wconf 82' lang='lat' dir='ltr'>Sed</span> <span class='ocrx_word' id='word_1_172' title='bbox 312 2906 415 2987; x_wconf 89' lang='lat' dir='ltr'>ipsam</span> <span class='ocrx_word' id='word_1_173' title='bbox 440 2905 694 2988; x_wconf 88' lang='lat' dir='ltr'>appellationum</span> <span class='ocrx_word' id='word_1_174' title='bbox 710 2903 934 2986; x_wconf 84' lang='lat' dir='ltr'>fingendarum</span> <span class='ocrx_word' id='word_1_175' title='bbox 952 2907 1109 2971; x_wconf 89' lang='lat' dir='ltr'>rationem</span> <span class='ocrx_word' id='word_1_176' title='bbox 1128 2927 1224 2988; x_wconf 88' lang='lat' dir='ltr'>quarn</span> <span class='ocrx_word' id='word_1_177' title='bbox 1242 2906 1284 2969; x_wconf 86' lang='lat' dir='ltr'>sit</span> <span class='ocrx_word' id='word_1_178' title='bbox 1301 2905 1397 2969; x_wconf 91' lang='lat' dir='ltr'>simil·</span> 
     </span>
     <span class='ocr_line' id='line_1_24' title="bbox 224 3011 1397 3096; baseline 0.001 -23"><span class='ocrx_word' id='word_1_179' title='bbox 224 3011 300 3074; x_wconf 89' lang='lat' dir='ltr'>lima</span> <span class='ocrx_word' id='word_1_180' title='bbox 323 3011 400 3074; x_wconf 91' lang='lat' dir='ltr'>lieet</span> <span class='ocrx_word' id='word_1_181' title='bbox 423 3020 554 3095; x_wconf 87' lang='lat' dir='ltr'>reputes</span> <span class='ocrx_word' id='word_1_182' title='bbox 578 3034 704 3076; x_wconf 89' lang='lat' dir='ltr'>necnon</span> <span class='ocrx_word' id='word_1_183' title='bbox 727 3013 835 3076; x_wconf 87' lang='lat' dir='ltr'>media</span> <span class='ocrx_word' id='word_1_184' title='bbox 859 3034 988 3096; x_wconf 90' lang='lat' dir='ltr'>queque</span> <span class='ocrx_word' id='word_1_185' title='bbox 1014 3036 1085 3096; x_wconf 82' lang='lat' dir='ltr'>qnae</span> <span class='ocrx_word' id='word_1_186' title='bbox 1103 3014 1222 3077; x_wconf 89' lang='lat' dir='ltr'>dicitur</span> <span class='ocrx_word' id='word_1_187' title='bbox 1238 3012 1397 3077; x_wconf 88' lang='lat' dir='ltr'>comoedia</span> 
     </span>
     <span class='ocr_line' id='line_1_25' title="bbox 226 3117 1397 3204; baseline 0.003 -25"><span class='ocrx_word' id='word_1_188' title='bbox 226 3117 356 3180; x_wconf 88' lang='lat' dir='ltr'>easdem</span> <span class='ocrx_word' id='word_1_189' title='bbox 385 3140 466 3201; x_wconf 87' lang='lat' dir='ltr'>quas</span> <span class='ocrx_word' id='word_1_190' title='bbox 497 3120 632 3201; x_wconf 89' lang='lat' dir='ltr'>antiqua</span> <span class='ocrx_word' id='word_1_191' title='bbox 666 3120 699 3182; x_wconf 92' lang='lat' dir='ltr'>in</span> <span class='ocrx_word' id='word_1_192' title='bbox 735 3120 918 3183; x_wconf 89' lang='lat' dir='ltr'>nominibus</span> <span class='ocrx_word' id='word_1_193' title='bbox 955 3121 1111 3204; x_wconf 83' lang='lat' dir='ltr'>eligendis</span> <span class='ocrx_word' id='word_1_194' title='bbox 1148 3120 1275 3184; x_wconf 89' lang='lat' dir='ltr'>videtur</span> <span class='ocrx_word' id='word_1_195' title='bbox 1309 3119 1397 3201; x_wconf 85' lang='lat' dir='ltr'>leges</span> 
     </span>
     <span class='ocr_line' id='line_1_26' title="bbox 225 3245 362 3289; baseline 0.015 -2"><span class='ocrx_word' id='word_1_196' title='bbox 225 3245 362 3289; x_wconf 90' lang='lat' dir='ltr'>servare.</span> 
     </span>
    </p>

    <p class='ocr_par' dir='ltr' id='par_1_6' title="bbox 225 3331 1400 3950">
     <span class='ocr_line' id='line_1_27' title="bbox 315 3331 1395 3420; baseline 0.002 -25"><span class='ocrx_word' id='word_1_197' title='bbox 315 3331 443 3396; x_wconf 81' lang='lat' dir='ltr'>Titulus</span> <span class='ocrx_word' id='word_1_198' title='bbox 472 3333 708 3414; x_wconf 86' lang='lat' dir='ltr'>Epicharmeus</span> <span class='ocrx_word' id='word_1_199' title='bbox 742 3339 885 3420; x_wconf 78' lang='grc' dir='ltr'><em>Μεγαρίς</em></span> <span class='ocrx_word' id='word_1_200' title='bbox 917 3335 1084 3398; x_wconf 85' lang='lat' dir='ltr'>mulierem</span> <span class='ocrx_word' id='word_1_201' title='bbox 1118 3333 1288 3416; x_wconf 83' lang='lat' dir='ltr'>significat,</span> <span class='ocrx_word' id='word_1_202' title='bbox 1320 3356 1395 3397; x_wconf 92' lang='lat' dir='ltr'>num</span> 
     </span>
     <span class='ocr_line' id='line_1_28' title="bbox 225 3437 1397 3520; baseline 0.003 -19"><span class='ocrx_word' id='word_1_203' title='bbox 225 3437 451 3506; x_wconf 64' lang='lat' dir='ltr'>meretricem?</span> <span class='ocrx_word' id='word_1_204' title='bbox 476 3438 593 3504; x_wconf 86' lang='lat' dir='ltr'>Seorta</span> <span class='ocrx_word' id='word_1_205' title='bbox 608 3438 777 3520; x_wconf 85' lang='lat' dir='ltr'>Megarica</span> <span class='ocrx_word' id='word_1_206' title='bbox 795 3441 1009 3506; x_wconf 79' lang='lat' dir='ltr'>famosissima</span> <span class='ocrx_word' id='word_1_207' title='bbox 1026 3447 1110 3505; x_wconf 91' lang='lat' dir='ltr'>sunt.</span> <span class='ocrx_word' id='word_1_208' title='bbox 1150 3439 1183 3503; x_wconf 92' lang='lat' dir='ltr'>A</span> <span class='ocrx_word' id='word_1_209' title='bbox 1199 3439 1397 3504; x_wconf 84' lang='lat' dir='ltr'>mulierculis</span> 
     </span>
     <span class='ocr_line' id='line_1_29' title="bbox 225 3543 1398 3629; baseline 0.001 -20"><span class='ocrx_word' id='word_1_210' title='bbox 225 3546 356 3609; x_wconf 88' lang='lat' dir='ltr'>nomina</span> <span class='ocrx_word' id='word_1_211' title='bbox 386 3546 538 3627; x_wconf 91' lang='lat' dir='ltr'>imposita</span> <span class='ocrx_word' id='word_1_212' title='bbox 570 3567 640 3609; x_wconf 90' lang='lat' dir='ltr'>esse</span> <span class='ocrx_word' id='word_1_213' title='bbox 674 3554 811 3629; x_wconf 91' lang='lat' dir='ltr'>apparet</span> <span class='ocrx_word' id='word_1_214' title='bbox 844 3547 968 3612; x_wconf 88' lang='lat' dir='ltr'>fabulis</span> <span class='ocrx_word' id='word_1_215' title='bbox 994 3546 1114 3612; x_wconf 90' lang='lat' dir='ltr'>Atticis</span> <span class='ocrx_word' id='word_1_216' title='bbox 1145 3546 1250 3611; x_wconf 88' lang='lat' dir='ltr'>hisce:</span> <span class='ocrx_word' id='word_1_217' title='bbox 1280 3543 1398 3627; x_wconf 71' lang='grc' dir='ltr'><em>Ἀχαιίς</em></span> 
     </span>
     <span class='ocr_line' id='line_1_30' title="bbox 225 3652 1399 3737; baseline -0.001 -20"><span class='ocrx_word' id='word_1_218' title='bbox 225 3652 384 3737; x_wconf 82' lang='lat' dir='ltr'>Alexidis,</span> <span class='ocrx_word' id='word_1_219' title='bbox 424 3657 561 3728; x_wconf 76' lang='grc' dir='ltr'><em>Βοιωιίς</em></span> <span class='ocrx_word' id='word_1_220' title='bbox 599 3653 811 3735; x_wconf 77' lang='lat' dir='ltr'>AntiphaniS,</span> <span class='ocrx_word' id='word_1_221' title='bbox 846 3653 1033 3736; x_wconf 79' lang='lat' dir='ltr'>Theophili,</span> <span class='ocrx_word' id='word_1_222' title='bbox 1069 3652 1207 3736; x_wconf 88' lang='lat' dir='ltr'>Diphili,</span> <span class='ocrx_word' id='word_1_223' title='bbox 1244 3652 1399 3728; x_wconf 74' lang='grc' dir='ltr'><em>Διοδιοκίς</em></span> 
     </span>
     <span class='ocr_line' id='line_1_31' title="bbox 225 3757 1400 3846; baseline 0.003 -25"><span class='ocrx_word' id='word_1_224' title='bbox 225 3759 434 3842; x_wconf 79' lang='lat' dir='ltr'>AntiphaniS,</span> <span class='ocrx_word' id='word_1_225' title='bbox 466 3757 607 3845; x_wconf 76' lang='grc' dir='ltr'><em>Ἑλληνίς</em></span> <span class='ocrx_word' id='word_1_226' title='bbox 638 3758 797 3844; x_wconf 82' lang='lat' dir='ltr'>Alexidis,</span> <span class='ocrx_word' id='word_1_227' title='bbox 836 3764 953 3846; x_wconf 85' lang='grc' dir='ltr'><em>Περσίς</em></span> <span class='ocrx_word' id='word_1_228' title='bbox 983 3759 1200 3842; x_wconf 76' lang='lat' dir='ltr'>NausicratiS,</span> <span class='ocrx_word' id='word_1_229' title='bbox 1236 3758 1400 3845; x_wconf 74' lang='grc' dir='ltr'><em>Μεγαρική</em></span> 
     </span>
     <span class='ocr_line' id='line_1_32' title="bbox 226 3866 924 3950; baseline -0.004 -19"><span class='ocrx_word' id='word_1_230' title='bbox 226 3866 355 3950; x_wconf 71' lang='lat' dir='ltr'>Sipyli,</span> <span class='ocrx_word' id='word_1_231' title='bbox 379 3874 524 3932; x_wconf 91' lang='lat' dir='ltr'>ceterum</span> <span class='ocrx_word' id='word_1_232' title='bbox 548 3868 588 3931; x_wconf 88' lang='lat' dir='ltr'>cf.</span> <span class='ocrx_word' id='word_1_233' title='bbox 613 3867 770 3930; x_wconf 86' lang='lat' dir='ltr'>Weleker</span> <span class='ocrx_word' id='word_1_234' title='bbox 794 3890 824 3950; x_wconf 90' lang='lat' dir='ltr'>p.</span> <span class='ocrx_word' id='word_1_235' title='bbox 850 3870 924 3932; x_wconf 80' lang='lat'>304.</span> 
     </span>
    </p>

    <p class='ocr_par' dir='ltr' id='par_1_7' title="bbox 225 3973 1455 4381">
     <span class='ocr_line' id='line_1_33' title="bbox 313 3973 1397 4056; baseline 0 -19"><span class='ocrx_word' id='word_1_236' title='bbox 313 3974 365 4037; x_wconf 86' lang='lat' dir='ltr'>Ex</span> <span class='ocrx_word' id='word_1_237' title='bbox 382 3973 490 4038; x_wconf 89' lang='lat' dir='ltr'>indole</span> <span class='ocrx_word' id='word_1_238' title='bbox 508 3973 716 4054; x_wconf 88' lang='lat' dir='ltr'>moribusque</span> <span class='ocrx_word' id='word_1_239' title='bbox 735 3995 882 4056; x_wconf 76' lang='lat' dir='ltr'>personee</span> <span class='ocrx_word' id='word_1_240' title='bbox 898 3973 1052 4038; x_wconf 84' lang='lat' dir='ltr'>haustum</span> <span class='ocrx_word' id='word_1_241' title='bbox 1069 3994 1139 4037; x_wconf 90' lang='lat' dir='ltr'>esse</span> <span class='ocrx_word' id='word_1_242' title='bbox 1156 3979 1265 4054; x_wconf 87' lang='lat' dir='ltr'>potest</span> <span class='ocrx_word' id='word_1_243' title='bbox 1280 3994 1397 4037; x_wconf 90' lang='lat' dir='ltr'>nomen</span> 
     </span>
     <span class='ocr_line' id='line_1_34' title="bbox 225 4079 1399 4167; baseline -0.003 -22"><span class='ocrx_word' id='word_1_244' title='bbox 225 4080 266 4146; x_wconf 91' lang='lat' dir='ltr'>ab</span> <span class='ocrx_word' id='word_1_245' title='bbox 297 4080 494 4164; x_wconf 86' lang='lat' dir='ltr'>Epicharmo</span> <span class='ocrx_word' id='word_1_246' title='bbox 525 4082 689 4144; x_wconf 88' lang='lat' dir='ltr'>inventum</span> <span class='ocrx_word' id='word_1_247' title='bbox 723 4080 904 4167; x_wconf 80' lang='grc' dir='ltr'><em>ΙΙερίαλλος,</em></span> <span class='ocrx_word' id='word_1_248' title='bbox 937 4079 1024 4162; x_wconf 88' lang='lat' dir='ltr'>qued</span> <span class='ocrx_word' id='word_1_249' title='bbox 1048 4079 1205 4143; x_wconf 79' lang='lat' dir='ltr'>Welclrer</span> <span class='ocrx_word' id='word_1_250' title='bbox 1235 4080 1255 4142; x_wconf 90' lang='lat' dir='ltr'>l.</span> <span class='ocrx_word' id='word_1_251' title='bbox 1280 4101 1305 4146; x_wconf 90' lang='lat' dir='ltr'>e.</span> <span class='ocrx_word' id='word_1_252' title='bbox 1330 4101 1399 4143; x_wconf 87' lang='lat' dir='ltr'>ver·</span> 
     </span>
     <span class='ocr_line' id='line_1_35' title="bbox 226 4186 1396 4271; baseline -0.003 -19"><span class='ocrx_word' id='word_1_253' title='bbox 226 4189 358 4253; x_wconf 88' lang='lat' dir='ltr'>tendum</span> <span class='ocrx_word' id='word_1_254' title='bbox 395 4188 463 4253; x_wconf 89' lang='lat' dir='ltr'>vult</span> <span class='ocrx_word' id='word_1_255' title='bbox 503 4186 745 4271; x_wconf 86' lang='lat' dir='ltr'>„Obenlrinaus,</span> <span class='ocrx_word' id='word_1_256' title='bbox 788 4187 1040 4251; x_wconf 83' lang='lat' dir='ltr'>Besserwisser“</span> <span class='ocrx_word' id='word_1_257' title='bbox 1079 4186 1233 4270; x_wconf 90' lang='lat' dir='ltr'>(probant</span> <span class='ocrx_word' id='word_1_258' title='bbox 1268 4187 1396 4251; x_wconf 84' lang='lat' dir='ltr'>Lorenn</span> 
     </span>
     <span class='ocr_line' id='line_1_36' title="bbox 230 4285 1455 4381; baseline -0.002 -22"><span class='ocrx_word' id='word_1_259' title='bbox 230 4299 300 4381; x_wconf 79' lang='lat'>147,</span> <span class='ocrx_word' id='word_1_260' title='bbox 329 4295 458 4359; x_wconf 89' lang='lat' dir='ltr'>Hauler</span> <span class='ocrx_word' id='word_1_261' title='bbox 482 4299 533 4374; x_wconf 78' lang='lat'>89,</span> <span class='ocrx_word' id='word_1_262' title='bbox 570 4302 669 4377; x_wconf 83' lang='lat' dir='ltr'>negat</span> <span class='ocrx_word' id='word_1_263' title='bbox 703 4294 825 4359; x_wconf 86' lang='lat' dir='ltr'>Kaibel</span> <span class='ocrx_word' id='word_1_264' title='bbox 863 4298 935 4379; x_wconf 84' lang='lat'>111,</span> <span class='ocrx_word' id='word_1_265' title='bbox 972 4316 1089 4357; x_wconf 86' lang='lat' dir='ltr'>nornen</span> <span class='ocrx_word' id='word_1_266' title='bbox 1123 4295 1291 4376; x_wconf 83' lang='lat' dir='ltr'>preprium</span> <span class='ocrx_word' id='word_1_267' title='bbox 1327 4315 1397 4357; x_wconf 90' lang='lat' dir='ltr'>esse</span> <span class='ocrx_word' id='word_1_268' title='bbox 1451 4285 1455 4294; x_wconf 80' lang='grc'><em>’</em></span> 
     </span>
    </p>
   </div>
   <div class='ocr_carea' id='block_1_5' title="bbox 0 0 1631 4898">
    <p class='ocr_par' dir='ltr' id='par_1_8' title="bbox 0 0 1631 4898">
     <span class='ocr_line' id='line_1_37' title="bbox 0 0 1631 4898; baseline 0 0"><span class='ocrx_word' id='word_1_269' title='bbox 0 0 1631 4898; x_wconf 95' lang='lat' dir='ltr'> </span> 
     </span>
    </p>
   </div>
  </div>
 </body>
</html>
