3240 4898
706 324 928 386 „33-

228 526 369 603 utraque
399 519 568 602 paulisper
598 514 738 582 voluerit
768 537 907 581 servare.
956 515 1084 581 Cratini
1116 517 1230 582 fabula
1259 507 1408 600 'Oleoor'gp

226 627 397 711 inscripta,
413 633 450 691 ut
465 626 596 690 initium
612 646 771 707 ponamus
787 625 821 689 in
833 622 1087 689 Atheniensium
1105 624 1264 690 comoedia
1280 626 1404 708 mytho·

228 733 344 816 logica,
368 731 507 797 Homeri
531 731 582 795 vel
604 733 638 795 in
662 731 809 796 minutiis
833 730 981 813 sequitur
1004 731 1155 813 vestigia3
1188 752 1262 795 nam
1285 738 1405 814 praeter

228 839 346 903 vocula
370 839 519 922 quaedam
555 839 597 903 ab
623 837 727 902 Attici
752 837 909 903 sermonis
943 860 1006 902 usu
1041 837 1159 919 aliena,
1199 859 1337 920 quorum
1371 839 1404 901 in

231 966 367 1009 numero
406 945 508 1010 habes
546 945 687 1009 mediam
725 938 863 1009 formam
901 945 1032 1008 comicis
1076 944 1222 1026 alioquin
1259 945 1404 1028 ignotam

227 1043 355 1137 ὀριῦμαι
377 1050 416 1119 fr.
444 1054 505 1116 138
535 1051 590 1138 (cl.
615 1051 736 1136 Bergk,
769 1051 810 1116 de
841 1051 899 1116 rel.
932 1073 1013 1116 cem.
1044 1057 1103 1119 att.
1137 1053 1215 1134 1563
1250 1050 1404 1114 Meineke

228 1157 268 1221 Π
292 1158 348 1245 57)
372 1165 472 1242 atque
496 1166 536 1246 τῆ
558 1159 593 1223 in
616 1165 783 1242 anapaesto
806 1156 846 1227 fr.
874 1162 933 1223 141

265 1308 311 1386 τῇ·
334 1307 389 1365 νῦν
411 1299 483 1367 τόόε
507 1304 589 1365 πῖθι
613 1299 718 1383 λαβὼν
741 1294 806 1388 ἤδη,
831 1301 885 1365 καὶ
908 1293 1048 1383 τούνομα
1071 1305 1104 1382 μ’
1129 1292 1231 1376 clete
1255 1296 1365 1386 ἒριύτο,

227 1444 316 1527 quod
341 1443 537 1509 simillimum
562 1465 633 1509 esse
656 1443 794 1508 Homeri
818 1443 889 1508 leco
913 1444 1083 1508 notissimo
1109 1468 1121 1507 ι
1146 1446 1208 1508 347

357 1584 510 1670 Κύκλωψ,
535 1594 580 1673 τῇ
604 1581 771 1664 ciroleon,
796 1586 870 1652 ἐπεὶ
894 1585 997 1673 φάγες
1019 1579 1177 1672 άνόρομέα
1199 1589 1275 1670 κρέα

226 1730 348 1812 optime
373 1729 489 1795 statuit
510 1728 619 1811 Bergk
644 1729 664 1793 l.
683 1750 709 1794 c.
728 1732 801 1810 158,
824 1728 1006 1794 Homerum
1030 1731 1111 1794 mire
1136 1730 1280 1794 sentiunt
1304 1729 1402 1793 verbe

224 1836 345 1918 quibus
368 1836 592 1919 Polyphemus
616 1836 772 1901 atrociter
796 1837 940 1900 minatur
962 1837 1067 1902 Ulixis
1093 1838 1188 1902 sociis
1212 1836 1252 1904 fr.
1280 1840 1341 1901 143

333 1987 411 2061 ἄνθ’
437 1985 481 2060 ὧν
503 1994 630 2073 πάντας
653 1995 732 2062 ἔλων
754 1989 837 2079 ύμᾱς
861 1994 989 2086 ἐρίηρας
1013 1995 1168 2086 ἑταίρους,

335 2100 465 2188 φρύξας,
490 2099 627 2189 ἑψήσας,
650 2093 728 2167 κάπ’
752 2095 935 2188 άνθρακιᾶς
958 2098 1102 2191 ὀπτήσας

333 2207 380 2285 εἷς
402 2203 506 2297 ἅλμην
528 2233 564 2274 τε
587 2212 641 2277 καὶ
667 2208 804 2298 ὀξάλμην
825 2198 896 2297 κᾷτ’
922 2208 954 2287 ἐς
978 2209 1196 2299 σκοροδάλμην

328 2315 461 2402 χλιαρόν
481 2313 669 2400 ἐμβάπτων,
695 2313 730 2393 ὃς
752 2311 792 2381 άν
815 2308 996 2394 ὀπτότατός
1018 2341 1076 2400 μοι
1098 2309 1255 2382 ἁπάντων

331 2414 421 2505 ύμιῦν
446 2428 610 2510 (μαίνηται,
634 2422 888 2509 κατατρώξομαι,
913 2412 939 2487 ὦ
963 2431 1177 2509 στρατιῶται.

222 2565 337 2631 itidem
361 2566 426 2631 duo
450 2567 498 2631 illi
523 2590 635 2633 versus
658 2568 697 2633 fr.
726 2570 786 2632 142

406 2698 492 2796 ἧσθε
514 2714 708 2797 πανημέριοι
728 2708 955 2795 χορταζόμενοι
978 2708 1061 2794 μάλα
1084 2706 1204 2790 λευκόν,

404 2814 491 2882 ποόν
514 2815 706 2899 δαινύμενοι,
731 2809 1023 2900 κάμπιμπλάμενοι
1046 2815 1187 2905 πυριάτῃ

219 2997 267 3004 -
291 2956 452 3042 Cyclopas
488 2960 529 3024 ab
561 2959 666 3024 Ulixis
702 2961 798 3025 sociis
833 2960 886 3024 hic
916 2961 1059 3025 ludibrio
1090 2960 1206 3026 haberi
1237 2962 1399 3027 coniectat

221 3063 344 3129 Keibel
359 3065 382 3128 l.
399 3087 426 3130 c.
445 3069 485 3131 79
504 3073 556 3132 sat
578 3067 710 3149 quidem
726 3067 893 3149 ingeniose
909 3073 1040 3132 -ante
1058 3069 1167 3132 omnia
1183 3088 1259 3133 vero
1277 3067 1315 3133 fr.
1335 3071 1398 3133 140

219 3201 274 3269 ἐπ’
298 3196 438 3293 α’ριστέρ’
462 3199 514 3272 άεὶ
542 3207 598 3294 τὴν
625 3202 740 3296 άρκτον
769 3206 848 3291 ἔχων
875 3207 1077 3291 λάμπονσαν,
1107 3207 1168 3286 ἕως
1194 3204 1234 3274 άν
1262 3207 1399 3296 ἐφεύρῃς

218 3349 308 3430 quod
333 3347 493 3433 Calypsus
517 3351 656 3416 debetur
681 3352 769 3434 apud
792 3353 975 3417 Homerum
999 3360 1165 3435 praecepte
1190 3375 1205 3416 ε
1229 3356 1292 3417 276

264 3488 320 3576 τὴν
342 3490 403 3581 γὰρ
427 3493 508 3576 (scil.
532 3486 661 3579 ἄρκτον)
685 3491 722 3580 615·
745 3517 800 3573 μιν
823 3485 928 3577 άνωγε
954 3490 1111 3577 Καλοψιύ,
1137 3493 1190 3557 dle
1214 3491 1336 3572 θεάων,

264 3604 576 3685 ποντοπορευέμεναι
601 3597 652 3664 ἐπ’
677 3592 832 3686 άριστερολ
855 3598 964 3686 χειρὸς
987 3599 1108 3680 ἕξοντα.
1188 3643 1192 3657 .›

309 3760 427 3843 ltaque
453 3761 683 3843 Theopompus
708 3781 836 3843 quoque
861 3761 895 3824 in
924 3759 1036 3825 sabula
1065 3782 1138 3842 quoe
1162 3752 1321 3836 Ὀόεσσεύς
1347 3761 1395 3824 in·

219 3866 376 3931 scribitur
400 3867 587 3950 diligentius
610 3866 748 3931 Homeri
772 3868 906 3950 respicit
931 3869 1018 3932 dicta
1043 3866 1149 3934 fu'33
1228 3948 1230 3952 ἱ

696 4023 818 4107 χιτῶνά
842 4049 899 4107 μοι

455 4137 562 4219 φέρων
585 4131 723 4209 δέδωκας
746 4132 920 4212 όαιόαλέον,
945 4131 980 4199 ὃν
1002 4125 1120 4221 ᾔκασεν

454 4233 568 4326 ἄρισθ’
586 4234 721 4326 (Όμηρος
742 4238 907 4327 κρομμύου
930 4238 1112 4325 λεποχάνιμ.
