3240 4898
696 318 915 379 -53-

219 511 363 596 Σειρῆνες
386 511 585 595 Epicharmi.
611 549 652 557 —
677 518 823 595 Σειρῆνες
847 510 1059 594 Theopompi,
1084 511 1312 594 Nicophontis.

219 640 399 719 Κωμαστοί
420 634 620 720 Epicharmi.
646 674 687 682 —
712 639 892 717 Κιομοοοοί
915 634 1103 718 Phrynichi,
1129 634 1297 718 Amipsiae,
1328 637 1395 700 Eu-

286 744 416 809 bulidis.
1476 742 1478 746 ’

309 885 391 970 Quae
414 885 642 968 inscriptiones
674 884 856 950 fabularum
893 883 1075 950 Sicularum
1101 885 1228 950 etiamsi
1252 907 1271 950 a
1295 886 1394 950 choro
1465 904 1467 909 ·

220 994 329 1077 petitae
355 1014 425 1056 esse
449 1013 514 1056 non
537 998 674 1074 possunt
698 991 752 1076 (cf.
777 1016 808 1075 p.
836 995 900 1075 71),
925 1000 1034 1056 tamen
1058 993 1221 1074 respicere
1245 993 1396 1056 videntur

220 1100 373 1165 maiorem
399 1120 611 1183 personarum
635 1121 707 1182 quae
731 1099 765 1162 in
786 1098 898 1163 fabula
928 1099 1074 1164 docenda
1108 1105 1219 1182 partes
1255 1099 1396 1181 agebant

220 1229 399 1271 numerum.
446 1206 558 1270 Minus
583 1212 748 1270 certares
772 1206 851 1269 mihi
878 1205 1004 1270 videtur
1027 1206 1060 1269 in
1084 1206 1134 1270 his
1159 1206 1328 1288 exemplis:

221 1357 326 1434 Μῆνες
348 1348 547 1433 Epicharmi.
573 1387 615 1395 —
642 1356 744 1433 Μῆιες
768 1347 947 1431 Philetaeri,
972 1350 1153 1434 Νοομηνίοιι
1176 1348 1358 1431 Eupolidis.

220 1483 328 1539 Νᾶοοι
351 1475 551 1558 Epicharmi.
588 1512 631 1522 -
666 1481 771 1560 Νῇοοι
794 1473 906 1538 fabula
929 1496 1001 1556 quae
1026 1472 1241 1556 Aristophani
1268 1473 1395 1538 abiudi-

288 1588 390 1660 catur,
428 1581 597 1664 Archippo
630 1604 649 1646 a
679 1581 844 1646 nonnullis
876 1581 1040 1645 addicitur
1076 1580 1220 1662 (Kaibel,
1254 1581 1395 1644 Hermes

288 1689 416 1757 XXIV
440 1687 507 1775 46),
531 1697 637 1776 Νῆοοι
660 1690 822 1755 Platonis.

308 1850 381 1915 Iam
394 1851 436 1914 ad
452 1850 540 1915 aliud
557 1873 658 1934 genus
674 1851 818 1914 animum
834 1849 986 1914 attendas
1000 1848 1182 1913 fabularum
1196 1848 1314 1932 plurali
1328 1851 1397 1932 qui-

223 1959 295 2021 dem
319 1980 453 2022 numero
474 1959 713 2041 inscriptarum,
739 1958 796 2021 sed
813 1979 894 2040 quas
910 1956 1162 2039 appellationem
1179 1978 1244 2021 non
1261 1979 1280 2022 a
1297 1956 1396 2022 choro

222 2066 359 2129 traxisse
373 2066 612 2148 apertissimum
624 2071 681 2131 est.
708 2065 793 2130 Sunt
804 2072 911 2129 autem
923 2066 1054 2128 nomina
1064 2066 1197 2146 propria
1207 2056 1396 2150 Ἆρχίλοχοι,

223 2172 459 2255 Κλεοβοολῖναι,
483 2163 630 2258 ’θόοσοῇς
646 2171 783 2250 Cratini,
807 2163 948 2235 ‘Hoiodce
965 2171 1150 2235 Teleclidis
1188 2169 1315 2254 Quibus
1331 2173 1395 2234 iam

158 2353 165 2372 ι
222 2279 343 2344 addere
367 2280 443 2345 licet
460 2279 648 2345 Cratineam
672 2279 816 2343 fabulam
835 2281 987 2344 Διόνυσοι
1005 2279 1194 2360 inscriptam
1213 2279 1313 2342 semel
1329 2284 1398 2341 tan-

223 2388 387 2452 tummodo
412 2394 713 2469 commemoratam,
748 2392 854 2450 exstat
879 2387 962 2450 enim
987 2407 1103 2449 nomen
1134 2385 1167 2448 in
1192 2383 1251 2449 Ori
1274 2385 1396 2450 Lexioo

221 2495 428 2560 Messanensi
445 2495 484 2560 de
501 2496 569 2559 iota
586 2495 736 2577 ascripto,
755 2493 841 2577 quod
859 2493 1037 2557 communis
1054 2514 1131 2556 usus
1148 2491 1225 2555 fecit
1237 2493 1282 2556 H.
1292 2491 1396 2573 Rabe,

221 2603 340 2667 Rhein.
365 2603 452 2666 Mus.
479 2605 531 2684 47,
556 2606 619 2667 406
645 2600 820 2688 (Κρατῖνος
845 2597 1084 2684 maritarat),
1118 2620 1223 2681 neque
1255 2604 1306 2662 est
1337 2620 1394 2662 cur

223 2709 359 2774 Cratino
375 2708 458 2774 hanc
471 2708 614 2773 fabulam
628 2709 850 2772 abiudicemus
863 2706 919 2792 (cf.
933 2707 1061 2786 Kcerte,
1075 2705 1216 2769 Hermes
1229 2704 1399 2769 XXXIX

208 2818 310 2892 485).
350 2815 515 2879 Numerus
539 2815 675 2898 pluralis
699 2815 777 2897 qnid
802 2815 863 2879 sibi
881 2814 958 2878 velit
975 2813 1130 2876 divinavit
1146 2813 1211 2875 iam
1228 2811 1394 2894 Welclrer,

222 2922 279 2985 Kl.
303 2920 467 2985 Schriften
490 2921 509 2984 I
534 2925 607 2998 323,
635 2925 685 3002 17,
709 2923 832 3002 primus
858 2921 978 2984 diserte
1003 2920 1153 3002 exposuit
1171 2919 1396 3001 Wilamowitz,

223 3025 387 3090 Herakles
405 3025 442 3090 Ι1
460 3030 577 3110 55,14,
596 3020 746 3113 'Odoacar
763 3028 997 3110 interpretatus
1014 3025 1395 3113 „Odysseushomoedie.“

223 3132 277 3196 Ad
303 3133 438 3197 eandem
461 3155 607 3198 normam
632 3135 809 3217 redigenda
833 3135 984 3199 videntur
1007 3135 1140 3198 nomina
1168 3133 1317 3216 quaedam
1341 3155 1396 3216 ap-

224 3239 377 3322 pellativa
409 3261 543 3304 numero
575 3240 692 3324 plurali
718 3242 813 3323 dicta,
847 3263 873 3306 e.
900 3263 926 3305 c.
953 3248 1059 3328 Δῆμοι
1082 3240 1254 3322 Eupolidis
1280 3241 1398 3321 (Wila-

224 3346 360 3428 mowitz,
393 3345 591 3412 Aristoteles
623 3348 689 3411 und
720 3347 833 3412 Athen
864 3348 883 3411 Ι
910 3352 971 3413 180
1004 3382 1029 3399 =
1063 3347 1394 3432 „Volkskomoedie“)‚

224 3451 334 3535 Νόμοι
351 3453 487 3518 Cratini.
528 3453 806 3520 Consuetudinem
834 3457 931 3520 istam
961 3456 1188 3538 perantiquam
1221 3454 1400 3520 arbitratur

224 3561 441 3626 Wilamowitz
466 3562 485 3632 l,
511 3584 547 3638 o,
573 3563 693 3644 optime
718 3560 874 3645 Aeschyli
899 3584 1081 3627 memorans
1110 3561 1253 3626 fabulam
1278 3556 1397 3626 Αἷινοι

223 3669 424 3754 inscriptam,
448 3669 544 3733 immo
568 3670 631 3751 ipsi
656 3669 822 3733 comoediae
853 3671 917 3732 iam
941 3669 1167 3751 Epicharmeae
1198 3669 1260 3732 hoc
1292 3691 1394 3750 genus

224 3776 352 3840 videtur
375 3777 542 3858 proprium
566 3776 676 3841 fuisse.
717 3776 849 3839 Etenim
873 3783 1002 3858 poetam
1021 3773 1165 3840 Siculum
1188 3774 1308 3839 fabulae
1334 3776 1400 3839 oui-

225 3883 300 3948 dam
325 3884 481 3950 Διόνυσοι
510 3885 713 3967 inscripsisse
741 3884 835 3948 testis
860 3889 909 3948 est
933 3882 1115 3947 Athenaeus
1139 3880 1206 3966 (IV
1232 3885 1293 3946 158
1320 3902 1336 3945 c
1359 3890 1397 3946 E.

312 4098 345 4165 3⁰)
365 4097 489 4151 Titulum
508 4116 541 4151 ex
562 4097 848 4168 Διονυσαλέξανὸρος
867 4095 1050 4164 depravatum
1068 4093 1176 4162 putavit
1189 4091 1278 4159 Kock,
1297 4091 1397 4145 Rhein.

224 4187 296 4242 Mus.
316 4189 359 4255 48,
385 4189 437 4242 239
465 4187 544 4255 eique
574 4185 720 4238 assentitus
748 4189 788 4238 est
815 4184 995 4250 Horwerden,
1026 4182 1200 4237 Collectanea
1228 4200 1253 4250 p.
1274 4183 1299 4249 3,
1327 4180 1400 4232 nulla

226 4277 390 4332 necessitate
409 4277 505 4330 coacti.
