3240 4898
703 252 917 312 „49-

223 439 366 506 Cratetis
390 463 487 525 porro
511 439 680 523 μεθύοντα
703 442 781 505 item
805 447 904 524 atque
929 439 1110 523 exemplum
1135 440 1222 524 quod
1249 442 1395 505 imitatur

221 549 358 632 parasiti
393 549 492 613 vitam
527 549 641 630 egisse,
682 569 721 612 ex
756 547 851 611 titulo
888 548 1042 619 Γείτονες
1080 545 1219 612 fortasse
1266 547 1394 612 conclu·

222 656 299 720 dere
335 656 428 738 licet3
460 657 577 719 etenim
602 654 793 738 Epicharmi
828 675 957 738 quoque
981 655 1144 736 parasitus
1174 654 1312 738 hospitis
1344 657 1394 719 sui

222 763 344 826 vicinus
369 783 439 827 esse
465 762 601 844 videtur,
627 783 699 826 cum
716 765 748 825 in
766 762 822 825 illa
838 782 967 844 quoque
983 760 1094 826 fabula
1109 757 1164 827 τὸν
1178 760 1237 826 τοῦ
1252 762 1395 845 γείτονος

221 866 335 935 καλιόν
369 869 465 933 homo
501 869 632 951 quidam
667 869 780 933 laudet
814 868 874 950 frg.
908 871 960 932 39.
1012 867 1152 932 Relucet
1186 868 1295 954 igitur,
1332 869 1395 933 nisi

222 976 307 1041 oculi
330 977 542 1044 mentiuntur.
573 998 613 1040 ex
636 975 809 1058 Eupolidis
840 981 939 1057 atque
964 973 1107 1039 Cratetis
1137 973 1257 1039 fabulis
1288 976 1394 1058 imago

221 1083 357 1167 parasiti
381 1081 468 1147 illius
493 1080 605 1150 Siculi.
648 1081 735 1148 Cave
759 1090 869 1146 tamen
893 1081 1008 1146 credas
1033 1080 1224 1146 comoediam
1247 1079 1395 1146 Atticam

222 1196 325 1254 statas
356 1191 518 1273 recepisse
553 1188 675 1273 figuras
710 1189 751 1253 ab
782 1189 981 1271 Epicharmo
1017 1187 1177 1270 excultas3
1212 1209 1288 1252 nam
1323 1210 1394 1271 quae

223 1294 351 1379 Grysar
367 1296 443 1361 olim
459 1298 493 1360 in
509 1296 593 1360 libro
611 1295 672 1375 „de
688 1295 900 1360 Doriensium
917 1295 1094 1360 eomoedia“
1110 1294 1223 1378 (lara)
1239 1296 1395 1378 inscripto

222 1407 335 1486 psa49
360 1425 429 1486 sqq.
455 1403 516 1467 sibi
541 1404 742 1485 excogitarat
766 1401 805 1466 de
830 1403 978 1484 personis
1002 1402 1128 1466 voracis
1153 1402 1233 1466 ebrii
1259 1403 1395 1485 parasiti

222 1511 255 1573 in
279 1509 398 1575 fabulis
421 1509 648 1594 Epicharmeis
672 1508 864 1592 frequenter
887 1506 1059 1592 agentibus
1083 1528 1121 1571 ac
1144 1506 1240 1591 longe
1264 1509 1395 1592 lateque

223 1603 299 1682 inde
322 1616 496 1700 divulgatis
527 1616 694 1697 redarguit
719 1623 755 1708 ut
778 1638 838 1698 par
862 1621 934 1679 erat
956 1614 1123 1695 Welclrer,
1149 1614 1204 1681 Kl.
1231 1613 1395 1680 Schriften

222 1724 241 1787 Ι
275 1728 350 1806 311,
388 1725 541 1808 quoniam
575 1745 789 1806 personarum
824 1723 1006 1806 typicarum
1040 1721 1126 1804 apud
1161 1721 1395 1804 Epicharmum

221 1829 346 1895 nullum
370 1833 535 1895 invenitur
558 1831 737 1914 vestigium.

310 1936 468 2003 Attamen
481 1958 629 2020 personae
643 1937 768 2020 aliquot
780 1957 861 2019 quas
874 1935 1033 2001 comoedia
1045 1933 1159 1999 Attica
1173 1934 1303 1999 exhibet
1315 1936 1395 2000 mire

222 2044 367 2109 sentiunt
390 2051 494 2108 artem
511 2044 770 2126 Epicharmeam.
809 2042 864 2107 Ita
889 2063 940 2105 res
966 2063 999 2106 se
1023 2041 1124 2105 habet
1140 2042 1173 2104 in
1191 2043 1395 2124 aenigmatica

221 2151 278 2215 illa
302 2149 429 2216 Cratini
461 2149 572 2215 fabula
596 2151 831 2233 Κλεοβονλῖναι
860 2149 1028 2231 inscripta,
1061 2149 1153 2212 cuius
1183 2149 1248 2213 iam
1280 2149 1395 2214 titulus

221 2257 358 2323 sormam
383 2257 516 2322 exhibet
539 2256 656 2340 linguae
675 2255 792 2321 Siculae
816 2255 993 2337 propriam.
1027 2253 1115 2317 Nam
1140 2254 1301 2320 adiectiva
1320 2278 1394 2339 gen·

221 2364 293 2429 tilia
316 2366 349 2428 in
373 2402 415 2410 -
440 2371 508 2437 ῑνος
532 2385 604 2446 quae
629 2369 747 2427 exeunt
770 2360 950 2444 peculiaria
975 2382 1044 2425 esse
1063 2357 1254 2425 Graecorum
1272 2359 1395 2427 Siculo·

221 2495 293 2536 rum
324 2478 356 2536 et
384 2471 577 2537 Italicorum
606 2476 719 2534 notum
749 2475 814 2550 est3
851 2467 999 2551 exempla
1032 2474 1107 2532 sunt
1138 2464 1394 2555 Ἀκραγαντῖνος,

220 2575 402 2663 Ἐλτορῖνος,
419 2569 598 2665 Ἐρυκῖνος,
611 2582 801 2652 Λεοντῖνος,
819 2580 1081 2650 Μεταποντῖνος,
1098 2573 1255 2659 Ῥηγῖνος,
1274 2583 1303 2640 Τ
1301 2597 1396 2662 apav-

221 2684 361 2770 arboch)
401 2683 557 2767 Sequitur
572 2682 770 2748 Italioticam
794 2681 879 2745 hanc
903 2681 1037 2745 formam
1058 2677 1265 2765 Ἀγρωοτῖνος
1280 2681 1395 2746 titulus

221 2792 458 2874 Epicharmeus
483 2789 524 2854 ab
548 2780 715 2875 ἆγρώοτης
743 2788 870 2870 ductus,
903 2794 1002 2871 atque
1035 2787 1149 2852 eodem
1180 2795 1268 2851 certe
1299 2795 1394 2871 pacto

222 2900 345 2979 Λογίνα
367 2917 484 2961 nomen
508 2897 622 2961 itidem
645 2895 685 2961 ab
702 2895 900 2979 Epicharmo
917 2895 1092 2976 inventurn,
1118 2890 1247 2977 αλόγος
1263 2895 1396 2960 descen·

222 3001 322 3083 dit.²⁶)
367 3001 444 3065 Non
476 3009 526 3066 est
556 3000 771 3067 dubitandum
803 3003 882 3084 quin
913 3024 933 3066 a
962 2999 1098 3066 Cratino
1123 3001 1192 3065 haec
1216 3001 1288 3083 ipsa
1310 3003 1394 3067 ratio

222 3108 302 3172 inita
327 3109 376 3186 sit,
402 3129 474 3172 cum
498 3107 573 3173 filiae
598 3107 757 3189 Cleobuli‚
790 3130 938 3191 personae
969 3107 1140 3173 manifesto
1172 3106 1267 3189 fictae,
1298 3117 1395 3190 poeta

222 3235 340 3278 nomen
390 3216 583 3298 imposuerit
628 3237 648 3280 a
694 3215 894 3298 Κλεοβοῖῖος
932 3215 1122 3279 derivatum.
1187 3214 1395 3299 Quapropter

222 3321 439 3386 Wilamowitz
463 3322 617 3405 (Hermes
651 3321 817 3388 XXXIV
852 3323 930 3404 221)
967 3322 1103 3404 digitum
1140 3322 1314 3386 intendens
1353 3323 1395 3386 ad

222 3426 448 3493 Cleobulinam
471 3430 540 3493 viro
565 3428 611 3492 illi
636 3429 809 3510 aenigmata
825 3429 1020 3511 proponenti
1038 3428 1187 3492 similiter
1203 3428 1394 3493 adiunctam

221 3542 318 3618 atque
355 3533 514 3618 Loginam
549 3535 740 3618 Epicharmi
771 3556 844 3599 cum
875 3533 960 3597 virili
990 3555 1131 3616 persona
1165 3537 1393 3615 consociatam,

221 3662 345 3706 summo
369 3643 439 3706 iure
456 3640 585 3706 videtur
600 3641 745 3706 iudicare
773 3640 852 3720 „der
869 3639 1052 3705 Auschluss
1070 3662 1111 3705 an
1128 3640 1190 3704 den
1209 3641 1392 3706 sicilischen

221 3748 374 3813 Erfinder
404 3748 463 3813 der
486 3747 660 3813 Komoedie
692 3746 771 3811 wird
803 3746 945 3812 bewusst
975 3767 1122 3832 genesen
1156 3748 1257 3816 8νοίοὲι
1305 3748 1394 3813 Num

309 3926 342 3994 2⁶)
363 3925 403 3980 ef.
417 3925 522 3981 Lorenz
537 3928 596 3994 155,
616 3924 717 3978 Kaibel
740 3925 803 3987 106;
833 3924 867 3977 de
886 3924 990 3994 origine
1009 3923 1090 3976 huius
1110 3923 1279 3977 formationis
1302 3923 1395 3978 Sicula

219 4033 306 4084 nuper
319 4016 375 4084 egit
386 4015 594 4084 Wackernagel,
614 4012 720 4068 Archiv
739 4014 755 4064 l.
771 4014 818 4066 lat.
832 4011 1050 4082 Lexicographie
1061 4029 1086 4063 u.
1098 4010 1272 4066 Grammatilr
1284 4012 1357 4067 XIV
1369 4015 1393 4068 2.

309 4104 342 4166 2⁶)
362 4103 492 4158 conferas
512 4105 629 4172 denique
653 4102 773 4157 eiusdem
800 4100 1106 4171 ῖτς.124ὁελφοκίνα
1134 4101 1296 4154 vocabulum
1322 4099 1393 4170 quod

219 4193 352 4262 originem
372 4194 457 4246 traxit
476 4211 492 4246 a
512 4193 632 4264 δέλφαξ.
