3240 4898
704 331 921 392 -24-

226 523 297 591 VII
323 527 385 589 132
417 523 528 608 (Koch
558 522 615 586 ΠΙ
644 522 733 607 418).
792 521 832 584 In
865 522 1034 586 Ranarum
1066 522 1201 605 prologo
1233 522 1402 587 Xanthias

227 651 313 714 aegre
337 629 399 694 fert
424 631 545 695 domini
569 629 780 695 interdictum
803 650 844 693 ne
868 629 901 691 in
933 629 1074 711 ineptias
1104 629 1282 693 descendat
1308 629 1402 712 haju-

225 738 330 801 lorum
354 737 541 802 tritissimas
566 737 609 822 (v.
637 737 689 823 13)

439 900 472 966 τί
495 897 559 985 δῆτ’
585 896 838 979 thapsacum
861 895 901 961 τὰ
925 895 1021 984 σκείη
1045 901 1167 984 φέρειν,

438 1004 530 1090 eluso
554 1003 683 1092 ποιήσω
705 1004 802 1091 μηδὲν
826 994 934 1090 ὦνπερ
960 1003 1112 1090 Φρύνιχος

439 1111 542 1178 εἴωθε
565 1124 672 1177 ποιεῖν
695 1111 750 1176 καὶ
774 1110 875 1188 Λύκις
898 1103 1093 1197 κεῖμειψίος;

223 1293 318 1354 quem
343 1273 385 1338 ad
407 1274 515 1339 locum
538 1274 674 1339 adnotat
698 1273 796 1338 schol.
825 1277 879 1338 15:
904 1274 959 1338 καὶ
983 1263 1070 1339 οὗτοι
1096 1272 1126 1338 οἱ
1150 1284 1236 1359 τρεῖς
1258 1279 1398 1357 κωμικοί

222 1377 287 1442 εἰσι
311 1384 453 1467 ποιηταί,
478 1389 752 1468 σκευοφοροῦντας
776 1379 960 1464 εἰσάγοντες
983 1379 1015 1446 ἐν
1039 1393 1110 1458 τοῖς
1133 1381 1316 1467 κωμῳδίαις
1342 1382 1398 1446 καὶ

222 1484 336 1572 αἰσχρὰ
360 1497 542 1565 ποιοῦντας.
577 1488 797 1554 Nihilominus
821 1489 890 1570 ipse
915 1488 1155 1570 Aristophanes
1180 1512 1199 1554 a
1224 1496 1398 1554 consuetu-

224 1594 298 1658 dine
324 1616 421 1678 quam
445 1603 482 1660 ut
505 1595 660 1679 probrum
692 1595 805 1659 obiicit
836 1595 960 1659 aemulis
993 1616 1200 1679 nequaquam
1233 1595 1398 1660 desistens

222 1701 255 1764 in
279 1701 625 1785 Thesmophoriazusis
650 1702 800 1766 secundis
824 1701 862 1766 lr.
881 1705 945 1766 323
963 1724 1090 1766 servum
1107 1702 1186 1767 facit
1203 1710 1394 1785 querentem

428 1847 473 1929 (ὃς
496 1853 548 1920 διά
572 1879 608 1940 γε
631 1862 726 1918 τοῦτο
749 1846 870 1930 τοὶῗντος
894 1845 930 1917 οὗ
954 1852 1091 1935 δύναμαι
1116 1859 1225 1942 φέρειν

428 1960 523 2049 σκεύη
547 1969 687 2026 τοσαῦτα
711 1961 765 2025 καὶ
788 1959 843 2026 τὸν
868 1949 956 2043 ὦμον
979 1961 1147 2044 θλίβομαι.

310 2114 352 2178 In
375 2113 567 2179 Taxiarchis
590 2112 761 2196 Eupolidis
792 2114 862 2196 ipse
893 2112 1044 2178 Bacchus
1076 2113 1156 2178 deus
1187 2115 1396 2180 mollissimus

221 2223 255 2285 in
278 2221 485 2286 Phormionis
509 2228 618 2286 castra
649 2219 815 2302 profectus
848 2220 908 2284 hoc
938 2242 1072 2285 munere
1102 2221 1249 2303 iungitur
1277 2243 1394 2286 urnam

221 2329 426 2411 ahenumque
449 2335 585 2411 portans
609 2327 663 2412 (fr.
682 2326 770 2410 256),
794 2332 893 2408 atque
917 2328 1037 2408 optime
1062 2328 1203 2410 quadrat
1228 2327 1315 2411 quod
1338 2328 1396 2392 illa

218 2436 253 2499 in
283 2435 395 2501 fabula
425 2434 608 2518 appelletur
631 2434 749 2516 aliquis
780 2432 1041 2521 σκενοφοριιύτης
1064 2434 1116 2513 (fr.
1141 2438 1230 2520 264).
1277 2436 1394 2501 Habes

221 2544 360 2625 denique
382 2544 469 2606 inter
494 2543 586 2625 signa
609 2540 723 2606 fictilia
747 2542 855 2623 quarti
879 2541 930 2606 vel
954 2542 1057 2624 quinti
1082 2543 1203 2625 saeculi,
1228 2566 1299 2627 quae
1317 2550 1394 2608 ante

220 2649 331 2714 oculos
355 2649 449 2714 nobis
471 2655 598 2733 ponunt
625 2647 801 2712 histriones
833 2649 972 2714 comicos
996 2650 1134 2735 Atticos,
1167 2670 1277 2714 servos
1305 2649 1393 2714 haud

219 2757 266 2820 ita
289 2777 410 2839 paucos
434 2757 596 2822 sarcinam
620 2755 750 2839 (Koerte
774 2777 827 2823 no.
845 2759 897 2835 39,
916 2761 968 2838 44,
986 2761 1038 2837 45,
1056 2761 1108 2831 46,
1126 2756 1183 2835 48)
1207 2761 1265 2820 aut
1289 2755 1394 2820 simile

219 2863 298 2946 quid
329 2871 611 2949 σκευοφοροῦντας,
643 2884 764 2946 eosque
795 2864 911 2927 servile
941 2864 1003 2928 hoc
1034 2885 1151 2927 munus
1184 2883 1268 2944 aegre
1306 2861 1393 2927 ferre

219 2977 371 3054 apparet3
397 2969 622 3052 cf.Kce1·tep.
641 2973 692 3035 74.
729 2971 798 3038 Vas
822 2991 951 3053 quoque
974 2971 1095 3052 pictum
1111 2968 1280 3052 Petropoli
1305 2968 1392 3052 quod

219 3083 430 3142 conservatur
472 3075 529 3162 (ib.
558 3100 590 3160 p.
623 3080 675 3159 76,
708 3098 760 3141 no.
795 3077 827 3162 1)
863 3077 1038 3142 histriones
1073 3076 1199 3159 aliquot
1235 3075 1393 3141 exhibens

218 3184 380 3248 actionem
402 3190 557 3268 parantes
581 3205 619 3248 ac
654 3185 741 3250 inter
773 3205 843 3248 sese
877 3183 1109 3266 colloquentes,
1147 3204 1274 3247 servum
1303 3204 1393 3247 mon·

219 3297 303 3356 strat
343 3292 470 3355 sarcina
507 3291 703 3356 insidentem
743 3290 930 3375 pergrandi,
968 3289 1188 3373 progastridio
1231 3289 1392 3372 insignem

218 3397 393 3482 phalloque
423 3398 578 3480 pendenti
606 3399 755 3475 maximo,
787 3397 942 3461 feretrum
975 3419 1074 3461 manu
1105 3402 1271 3459 tenentem
1303 3396 1391 3479 quod

218 3505 376 3570 arcuatim
401 3505 604 3570 incurvatum
629 3510 687 3569 est.
727 3504 793 3568 Sed
816 3511 1018 3568 revertamur
1041 3503 1084 3567 ad
1108 3502 1272 3586 phlyaces.
1312 3503 1391 3568 Ete-

217 3613 284 3675 nim
319 3610 409 3676 aliud
444 3611 626 3694 exemplum
662 3609 750 3693 quod
781 3611 894 3674 miram
918 3611 1087 3676 Ranarum
1119 3609 1248 3693 prologi
1279 3609 1390 3674 simili·

217 3718 362 3783 tudinem
387 3719 592 3802 speciemque
617 3738 732 3801 gerere
756 3718 903 3782 homines
929 3718 1042 3782 doctos
1065 3717 1234 3799 hucusque
1258 3716 1390 3781 videtur

216 3825 346 3908 fugisse,
363 3824 489 3907 praebet
504 3825 611 3907 Heyd.
628 3847 659 3908 p.
674 3827 748 3907 287,
764 3824 816 3888 X:
833 3822 1009 3889 Chironem
1027 3822 1253 3908 vides(Xipc›v
1269 3823 1390 3908 adscr.)

217 3952 327 3995 senem
342 3933 529 4014 viribusque
547 3930 709 3995 delectum
725 3937 909 3996 monstrosa
925 3952 1066 4014 persona
1082 3932 1239 4013 insignem
1259 3930 1385 3994 aedificii

217 4039 385 4103 cuiusdam
409 4040 513 4103 scalas
537 4037 766 4103 ascendentem
790 4040 929 4102 maximo
954 4039 1067 4103 labore
1091 4059 1219 4102 necnon
1244 4058 1337 4102 servo
1369 4058 1390 4101 a

215 4151 308 4229 tergo
320 4146 488 4229 pulsante3
500 4147 535 4208 in
548 4167 673 4210 summa
686 4151 794 4209 autem
809 4145 896 4209 scala
909 4145 1173 4210 stansXanthias
1186 4141 1390 4231 ([Ξαν]3ίας)

215 4251 330 4317 herum
347 4275 473 4318 sursum
490 4252 622 4318 trahere
640 4251 750 4317 studet
768 4252 893 4338 („nicht
908 4253 1028 4335 gerade
1046 4251 1229 4335 behutsam,
1247 4249 1388 4315 sondern
