3240 4898
696 304 916 366 „31-

218 490 371 584 Ἡρακλῆς
395 490 411 563 ὁ
433 495 503 584 πὰρ
529 495 630 582 Φόλῳ,
655 496 801 580 pericula
824 495 1016 561 subeuntem
1045 497 1079 560 in
1106 488 1259 584 Ἡρακλῆς
1290 488 1307 561 ὃ
1338 493 1395 560 ἐντὶ

220 604 275 670 τὸν
298 603 454 690 ζωστῆρα.
500 603 574 669 Iam
598 623 675 667 vero
706 602 792 667 idem
815 603 979 668 Hercules
1010 603 1155 668 scurrilis
1188 604 1330 669 occurrit
1360 605 1395 666 in

220 715 292 795 ipsa
317 711 463 794 Graecia3
493 709 595 775 habes
621 711 707 774 enirn
731 731 803 774 eum
829 710 919 774 clava
943 716 976 774 et
999 710 1102 774 lconis
1126 710 1211 793 pelle
1234 711 1393 792 insignem

220 821 254 883 in
278 818 470 883 Boeotorum
493 818 580 883 ludis
603 815 735 902 (Bothe,
758 817 890 901 Proleg.
915 816 982 902 59).
1022 817 1153 881 Deinde
1168 816 1290 882 Atticae
1315 838 1393 900 quo-

223 947 285 1009 que
318 925 484 989 comoediae
514 924 701 1007 primordiis
731 925 796 988 iam
826 925 1005 989 innotuisse
1037 923 1216 988 Herculem
1247 945 1396 989 voracem

224 1037 369 1115 apparet,
395 1053 468 1096 cum
490 1030 732 1114 Aristophanes
763 1032 797 1094 in
820 1030 919 1095 Pacis
946 1031 1099 1114 parabasi
1126 1031 1285 1113 glorietur
1307 1031 1393 1095 Her-

224 1138 312 1203 cules
335 1138 408 1202 illos
432 1138 613 1203 esurientes
636 1138 671 1202 in
693 1136 812 1202 fabulis
837 1136 1025 1218 aemulorum
1050 1159 1177 1220 semper
1194 1137 1395 1221 prodeuntes

225 1267 295 1311 sese
318 1245 457 1328 primurn
482 1245 522 1308 de
547 1265 645 1319 scena
669 1243 817 1328 abegisse
840 1266 869 1307 v.
896 1248 955 1308 741

254 1386 329 1464 τοὺς
351 1380 523 1473 Ἡρακλέας
547 1384 623 1462 τοὺς
645 1383 828 1468 μάττοντας
850 1387 904 1450 καὶ
927 1385 1002 1464 τοὺς
1024 1394 1204 1462 πεινῶντας
1228 1383 1366 1462 ἐκείνους

254 1492 380 1581 ἑξήλαο’
405 1485 576 1576 οἷτιμώοας
599 1500 729 1579 πρῶτος
752 1494 822 1557 κτλ.

224 1638 310 1701 idem
334 1637 477 1702 illustrat
499 1643 589 1720 poeta
612 1637 647 1700 in
662 1636 827 1720 Vespibus
851 1659 879 1700 v.
905 1639 946 1701 56
970 1635 1149 1700 Herculem
1171 1657 1252 1700 cena
1268 1635 1399 1700 defrau-

225 1744 336 1809 datum
361 1744 403 1809 ad
426 1765 529 1826 genus
552 1744 703 1826 relegans
726 1742 941 1826 Megaricum.
989 1743 1208 1808 Nihilominus
1232 1743 1397 1806 invenitur

223 1852 387 1917 Hercules
424 1851 479 1915 ille
513 1851 678 1916 lautarum
715 1852 884 1934 epularum
923 1851 1060 1933 cupidus
1095 1851 1128 1914 in
1164 1848 1400 1933 Aristophanis

225 1958 345 2024 fabulis
362 1951 513 2044 ’Όρνιθες
536 1957 577 2043 (v.
606 1957 838 2043 raca-1693)
864 1965 897 2022 et
919 1955 1119 2022 Αἰολοσίκων
1142 1957 1253 2040 (Koch
1277 1957 1295 2020 I
1319 1957 1399 2042 395)

225 2066 392 2147 inscriptis
408 2064 522 2149 (schol
540 2065 619 2129 Pac.
640 2068 700 2130 741
726 2065 781 2128 καὶ
804 2054 900 2128 αὐτὸν
924 2055 941 2129 ὃ
963 2054 1193 2149 Ἀριστοφάνης
1209 2055 1253 2140 ὠς
1268 2068 1399 2149 γαστρί·

226 2194 347 2256 μαργον
363 2168 417 2235 τὸν
430 2163 584 2257 Ἡρακλέα
599 2170 747 2257 κωμῳδεῖ
759 2171 813 2234 καὶ
826 2167 858 2235 ἒν
868 2163 990 2256 Ὄρνισι
1003 2170 1057 2233 καὶ
1070 2167 1102 2235 ἓν
1114 2168 1399 2256 Αἰολοσίκωνι).15)

114 2336 115 2339 ,
226 2278 380 2342 Herculis
404 2268 585 2364 ἄδηφαγίαν
609 2284 757 2359 spectare
782 2278 910 2342 videtur
934 2280 1031 2342 etiam
1046 2277 1221 2361 Philyllius
1238 2279 1270 2342 in
1288 2278 1400 2343 fabula

225 2378 379 2474 Ἡρακλῆς
401 2385 560 2467 inscripta
583 2383 749 2468 (Meineke
773 2383 792 2446 I
816 2388 890 2463 260,
914 2383 952 2446 II
976 2387 1064 2468 859).

319 2491 468 2556 Ulixes
498 2492 617 2556 deinde
641 2498 755 2574 utpote
780 2493 904 2556 comica
927 2491 1030 2574 ligura
1055 2498 1172 2556 ornatu
1200 2492 1328 2556 scurrili
1352 2493 1400 2556 in-

228 2605 353 2664 structa
376 2599 540 2662 invenitur
561 2598 596 2662 in
618 2599 758 2663 vasculis
775 2599 939 2663 nonnullis
955 2598 1103 2680 Boeotiis,
1129 2620 1267 2681 quorum
1283 2599 1402 2682 princi-

228 2712 339 2789 patum
370 2708 462 2769 tenet
497 2726 554 2770 vas
587 2705 696 2770 Musei
731 2705 915 2770 Britannici
950 2704 1106 2792 (Journal
1136 2705 1173 2769 of
1200 2705 1289 2773 Hell.
1315 2707 1400 2770 stud.

228 2811 323 2875 XIII
346 2812 412 2876 tab.
437 2811 501 2897 IV)
525 2811 581 2876 ubi
605 2812 770 2896 depictum
794 2814 883 2878 vides
906 2813 1037 2877 Ulixem
1066 2813 1283 2895 barbatulum,
1315 2813 1402 2895 pileo

228 2920 398 3001 insignem,
444 2918 660 3004 negligentius
698 2919 816 2984 baculo
854 2921 1000 2984 innixum
1040 2921 1135 3003 eique
1176 2925 1401 2985 occursantem

230 3023 359 3089 Circam
389 3024 527 3088 reticulo
558 3032 718 3109 ornatam,
749 3048 901 3109 magnum
934 3027 1086 3111 poculum
1117 3026 1267 3092 manibus
1299 3029 1402 3111 porri-

230 3138 375 3216 gentem3
406 3132 543 3196 eandem
572 3135 793 3198 narrationem
827 3134 959 3216 respicit
989 3136 1117 3216 pictura
1148 3135 1326 3200 vascolaris
1358 3133 1402 3198 ib.

229 3262 260 3322 p.
279 3242 316 3303 81
337 3237 390 3323 fig.
409 3243 438 3303 2.
487 3239 616 3303 Ulixem
639 3241 721 3304 mari
744 3241 950 3323 navigantem
973 3240 1076 3306 habes
1100 3263 1120 3305 a
1142 3241 1258 3305 Boreae
1284 3241 1401 3325 spiritu

230 3346 402 3428 impulsum
433 3366 484 3427 ap.
520 3343 681 3430 Gardner,
717 3344 919 3411 Ashmolean
950 3347 1036 3412 Mus.
1069 3370 1121 3412 no.
1155 3350 1218 3412 262
1251 3347 1316 3412 tab.
1349 3351 1403 3412 26.

230 3450 522 3534 Phlyacographiae
558 3473 687 3535 quoque
722 3461 869 3517 nostrum
904 3455 937 3517 in
974 3454 1098 3519 deliciis
1134 3453 1234 3518 fuisse
1265 3456 1404 3537 picturae

231 3558 350 3622 docent
372 3557 482 3641 Heyd.
507 3559 528 3622 h
553 3564 586 3621 et
608 3578 655 3634 m;
683 3580 761 3621 num
785 3559 881 3622 homo
905 3560 1045 3642 pileatus
1075 3561 1197 3625 vasculi
1221 3560 1262 3641 A,
1297 3561 1352 3642 qui
1384 3583 1403 3625 a

232 3665 318 3729 socio
344 3664 485 3747 quodam
509 3664 640 3728 adiutus
673 3665 871 3730 mulierculae
902 3667 935 3729 in
966 3688 1073 3749 genua
1106 3666 1286 3730 subsidenti
1316 3667 1404 3731 ferro

231 3771 383 3852 minatur,
408 3771 522 3836 Ulixes
545 3771 776 3854 intelligendus
801 3773 843 3836 sit
867 3773 928 3856 (ita
950 3772 1168 3855 Heydemann
1193 3773 1249 3855 qui
1274 3770 1405 3837 Uiroam

323 3975 355 4038 15)
375 3972 468 4026 Etiam
487 3973 514 4025 in
533 3972 627 4042 Rama,
647 3974 694 4027 ubi
712 3978 806 4027 noster
829 3975 949 4028 maximo
974 3978 1071 4042 ἔτνους
1094 3975 1230 4028 desiderio
1254 3975 1405 4045 saepissime

232 4081 292 4116 sese
310 4063 467 4132 flagravisse
488 4062 633 4116 confitetur
650 4082 676 4116 v.
697 4065 745 4131 633
775 4064 874 4117 falsum
900 4064 976 4117 illum
995 4064 1145 4118 Herculem
1171 4066 1270 4118 ancilla
1293 4065 1405 4119 Proser-

231 4153 303 4221 pinae
328 4153 532 4207 enumeratione
558 4153 644 4206 allicit
669 4170 794 4206 escarum
820 4153 1030 4207 lautissimarum
1056 4172 1081 4208 ν.
1107 4155 1159 4209 503
1185 4171 1244 4223 sqq.
1265 4154 1300 4209 cf.
1321 4156 1403 4208 etiarn

232 4260 257 4295 v.
277 4244 330 4296 549
349 4260 407 4310 sqq.
426 4243 508 4310 paulo
528 4242 614 4296 fusius
632 4242 706 4296 infra
725 4260 806 4312 agam
825 4243 859 4296 de
878 4243 1061 4296 Druniatibus.
