3240 4898
656 331 875 392 -22..

177 520 286 605 Heyd.
311 544 343 604 p.
368 524 442 603 285,
467 543 492 586 s.
547 519 651 604 Quem
682 523 717 586 in
747 521 877 586 modum
909 523 1063 587 coniicias
1094 521 1352 607 Peloponnesia·

178 649 289 693 eorum
306 651 376 694 sese
392 631 531 712 gessisse
548 629 744 706 κλέπτοντας
758 629 832 694 illos
856 620 987 716 ὄπιίραν
1010 628 1065 714 (of.
1083 629 1229 712 Voelher‚
1245 631 1349 695 Rhin-

178 737 287 801 thonis
311 736 426 820 fragm.
451 759 483 820 p.
508 735 554 822 4).
605 735 693 801 Num
724 738 758 801 in
781 737 971 820 Epicharmi
1002 738 1041 802 iis
1072 759 1144 820 quae
1177 745 1352 820 supersunt

179 845 315 926 vestigia
337 844 435 908 liceat
459 845 617 908 eiusmodi
640 845 703 908 ioci
726 844 920 928 intelligere,
952 844 1139 928 ambiguum
1172 851 1235 926 est3
1268 842 1352 909 Oru-

179 952 256 1027 sius‚
288 950 408 1015 Philol.
440 950 502 1015 rol.
535 951 639 1034 suppl.
664 950 712 1017 VI
743 954 808 1015 290
839 950 1087 1034 proverbialiter
1118 951 1198 1015 illud
1230 951 1351 1015 dictum

178 1055 308 1133 Σικελὸς
338 1048 553 1144 ὄμφακίζεται
585 1056 672 1141 quod
703 1057 796 1122 nobis
828 1059 929 1123 tradit
951 1058 1076 1125 Zenob.
1102 1057 1181 1123 Ath.
1205 1058 1264 1122 III
1291 1060 1352 1121 133

177 1162 403 1250 μετενήνεκται
438 1164 471 1229 δὲ
508 1155 577 1230 dnh
614 1171 679 1229 τιῦν
713 1165 860 1244 Σικελῶν,
900 1164 959 1242 τὰς
996 1157 1161 1252 εἷβραίτοος
1199 1157 1350 1251 ὄμφακας

178 1268 392 1340 κλεπτόντων.
416 1277 573 1359 μέμνηται
597 1271 713 1358 ταύτης
735 1263 940 1358 Ἐπίχαρμος.
973 1275 1020 1336 ita
1053 1273 1241 1356 explicavit:
1281 1272 1353 1351 „ich

179 1377 294 1458 danne,
320 1399 354 1442 es
379 1380 486 1444 steoht
510 1379 662 1444 dahinter
686 1380 757 1444 eine
785 1381 881 1463 jener
911 1379 1167 1462 mimenartigen,
1202 1378 1353 1461 improvi-

179 1485 300 1549 sierten
318 1483 444 1550 Scenen
462 1485 521 1551 der
538 1485 709 1550 dorischen
725 1486 840 1569 Posse,
861 1486 919 1550 wie
936 1487 981 1549 sie
999 1485 1145 1551 Sosibios
1163 1485 1349 1569 schildert‚“

180 1589 238 1655 sed
262 1589 302 1655 of.
327 1591 449 1656 Kaibel
473 1592 514 1657 ad
538 1592 599 1675 frg.
625 1595 699 1658 239.
739 1590 862 1657 Atticae
886 1614 962 1656 vero
987 1591 1153 1656 comoediae
1179 1592 1205 1655 si
1228 1597 1353 1655 attente

179 1696 320 1778 perlegis
343 1696 470 1762 fabulas
494 1698 582 1763 haud
607 1705 696 1764 certe
719 1706 752 1763 te
776 1699 879 1781 fugiet
902 1720 999 1780 quam
1022 1697 1129 1762 crebri
1152 1697 1203 1761 vel
1219 1698 1252 1760 in
1270 1697 1354 1761 anti-

181 1803 346 1884 quissimis
369 1805 433 1869 ioci
457 1811 584 1870 exstent
615 1806 806 1889 persimiles.
853 1803 1107 1888 Aristophaneae
1143 1804 1273 1886 quidem
1306 1804 1352 1868 la·

133 1924 134 1927 ’
180 1909 267 1974 bulae
290 1909 423 1976 fraudes
451 1933 695 1995 nonnumquam
726 1918 893 1995 praestant,
925 1933 997 1994 quae
1028 1933 1098 1975 curn
1132 1911 1355 1975 additamenta

179 2016 352 2081 videantur
375 2039 582 2100 nequaquam
604 2018 799 2092 necessaria,
822 2017 991 2082 interludii
1015 2019 1084 2082 vice
1108 2017 1200 2100 fungi
1224 2017 1353 2084 debent.

179 2123 331 2206 Exempli
364 2145 477 2189 causa:
509 2126 543 2188 in
566 2123 836 2190 Acharnensibus
867 2122 1067 2188 Odomantes
1098 2125 1131 2188 in
1166 2125 1356 2189 concionem·

182 2229 432 2295 Atheniensium
456 2232 606 2315 producti
630 2231 848 2315 Dicaeopolidi
879 2231 990 2294 allium
1014 2230 1068 2317 (τὰ
1092 2227 1242 2316 σκόροδα)
1267 2229 1354 2312 quod

181 2359 291 2403 seeum
313 2344 463 2422 portarat
487 2339 667 2421 surripiunt
691 2345 789 2422 atque
822 2337 1030 2403 comedentes
1062 2337 1355 2420 deprehenduntur

180 2467 208 2509 v.
237 2447 298 2509 164
324 2466 371 2526 sq.
425 2443 527 2509 Ouius
558 2466 636 2510 usus
668 2445 816 2527 exempla
846 2445 940 2527 plura
971 2451 1121 2528 repetere
1151 2466 1217 2508 non
1248 2443 1354 2526 lubet3

181 2551 327 2616 abundat
361 2552 499 2615 maxime
534 2551 655 2616 talibus
690 2551 938 2616 delectamentis
972 2549 1206 2634 Aristophanis
1244 2550 1355 2614 fabula

180 2658 320 2740 Equites
343 2657 511 2741 inscripta.

270 2763 422 2829 Alteram
460 2786 634 2848 personam
671 2765 827 2831 dicelistis
863 2764 1122 2830 Lacedaemoniis
1158 2763 1354 2846 adamatam,

181 2871 341 2935 medicum
374 2871 446 2936 dico
478 2873 696 2958 peregrinum,
727 2872 813 2936 huno
843 2873 876 2936 in
908 2871 1039 2936 modum
1070 2871 1225 2936 hariolari
1254 2870 1356 2935 refert

181 2976 363 3043 Athenaeus
387 2979 408 3042 l.
426 3002 453 3044 c.
476 2970 520 3054 ὡς
537 2971 654 3056 Ἄλεξις
677 2977 709 3044 ἐν
733 2977 1051 3064 Μανδραγοριζομένῃ
1069 2978 1143 3060 (frg.
1164 2982 1225 3042 142
1242 2976 1355 3062 Koch)

181 3083 234 3150 διὰ
258 3084 380 3150 τούτων
403 3090 610 3173 παρίστησιν·

646 3227 700 3294 ἐὰν
724 3226 899 3313 ἐπιχώριος

396 3332 508 3422 ίατρὸς
531 3334 608 3422 einp
634 3334 803 3422 „recipitur
826 3333 931 3420 τούτῳ
956 3332 1028 3398 δότε

396 3441 555 3530 πτισάνης
578 3440 713 3521 ἕωθεν,“
739 3441 1000 3528 καταφρονοῦμεν
1023 3431 1161 3517 εὐθέως·

395 3543 434 3613 dv
458 3549 490 3613 δὲ
517 3548 697 3634 „maturisue
720 3549 774 3612 καὶ
797 3547 975 3635 τρύβλιον,“
1001 3545 1221 3629 θαυμάζομεν.

396 3655 450 3718 καὶ
473 3654 574 3719 πάλιν
597 3653 652 3719 ἐὰν
673 3655 732 3737 μὲν
758 3655 948 3735 ,,τεντλίον,“
975 3654 1180 3741 παρείδομεν·

397 3759 507 3827 ἐὰνδὲ
533 3763 714 3842 „nutriar
740 3755 887 3844 οἷσμένιος
909 3759 1102 3849 ἠκούσαμεν·

398 3862 442 3946 οὖς
465 3860 502 3934 οὗ
525 3867 563 3935 τὸ
586 3870 717 3935 σεῦτλον
740 3861 854 3934 ταύτὸν
879 3864 914 3933 ὃν
936 3877 983 3954 τῷ
1006 3868 1150 3954 τευτλίῳ.

183 4048 280 4113 Poeta
302 4049 403 4132 igitur
418 4048 551 4112 medicis
568 4048 685 4113 alludit
701 4047 757 4131 qui
773 4047 878 4111 alieno
896 4052 1032 4111 utuntur
1050 4067 1199 4110 sermone
1215 4045 1356 4126 ideoque

185 4157 280 4239 aegris
311 4155 548 4220 credulioribus
580 4156 829 4221 admirationem
861 4154 910 4218 sui
943 4175 981 4218 ac
1010 4152 1181 4237 profundae
1213 4150 1355 4216 scientiar

185 4284 251 4328 suae
283 4263 403 4328 inicere
433 4262 548 4327 solent.
596 4262 668 4328 Iam
699 4283 775 4326 vero
809 4260 975 4327 Oratetem
1005 4259 1161 4339 ridemus
1191 4255 1356 4324 comoediae
