3240 4898
701 339 919 400 „15-

223 534 280 607 est,
307 530 394 611 quod
425 530 554 592 unicam
584 528 681 593 huius
711 529 774 593 ioci
804 531 989 614 analogiam
1010 531 1228 614 Epicharmus
1259 535 1396 616 praebet,

223 638 274 701 cui
299 635 420 700 Kaibel
442 635 480 699 sr.
507 638 570 699 238

495 768 515 839 d
540 782 710 865 Κορινθία,
736 775 842 855 ἔοικας
861 778 1117 867 χοιροπωλήσειν

222 923 292 986 iure
327 921 415 985 haud
451 919 548 984 dubie
584 921 716 1000 addicit,
752 943 823 985 cum
859 925 1041 986 tetrametri
1075 924 1204 989 initium
1242 926 1395 990 videatur

222 1029 389 1092 trochaici.
431 1026 602 1110 Quomodo
627 1027 716 1091 locus
740 1028 970 1112 intelligendus
995 1031 1037 1094 sit
1060 1031 1154 1096 docet
1177 1054 1268 1115 prov.
1291 1033 1392 1098 Laur.

222 1135 240 1198 l
265 1138 306 1199 92
331 1132 475 1199 ἐπὶτῶν
498 1131 576 1219 παρ’
607 1127 692 1220 ὥραν
723 1138 959 1218 θρυπτομένων
990 1137 1155 1220 γυναικῶν,
1189 1135 1257 1202 οἷον
1287 1136 1395 1216 ἐὀικος

221 1239 457 1328 praecaptum
491 1239 523 1305 ἒν
558 1242 728 1326 Κορίνθῳ·
761 1240 799 1306 τὸ
833 1241 893 1327 γὰρ
927 1253 1107 1327 γυναικεῖον
1140 1243 1253 1329 μόριον
1285 1254 1396 1332 χοῖρος

221 1349 357 1434 λέγεται.
399 1348 569 1413 Corinthia
591 1348 708 1413 mulier
732 1371 804 1432 quoe
828 1371 961 1432 porcum
979 1353 1118 1433 quaestui
1134 1352 1256 1416 habere
1275 1353 1394 1417 dicitur

221 1458 377 1521 meretrix
401 1465 451 1522 est
474 1458 574 1521 cuivis
597 1456 805 1539 impudenter
829 1479 899 1522 sese
924 1457 1063 1522 offerens
1088 1459 1154 1523 sive
1178 1458 1253 1524 lena
1270 1482 1342 1542 quae
1359 1461 1392 1523 in

222 1565 336 1631 eadem
360 1565 492 1630 sordida
516 1570 665 1628 versatur
682 1570 752 1628 arte
770 1587 834 1647 qua
850 1564 1114 1648 Aristophaneus
1131 1572 1226 1648 pater
1242 1566 1393 1632 lenonius

221 1674 319 1760 (Aah.
347 1677 408 1738 767
431 1671 635 1757 χοιροπώλας
657 1670 852 1757 μεγαρικός).

311 1780 392 1864 Quae
428 1781 455 1845 si
489 1787 578 1844 recte
610 1779 777 1862 disputata
808 1785 883 1843 sunt
912 1779 1003 1843 nulla
1035 1788 1085 1844 est
1116 1779 1276 1844 dubitatio
1312 1782 1390 1863 quin

220 1891 339 1957 Siculae
364 1910 491 1973 quoqne
516 1886 683 1951 comoediae
707 1886 778 1950 haec
801 1885 898 1950 fuerit
921 1886 1047 1951 indoles
1071 1893 1109 1950 ut
1132 1886 1250 1951 fabulis
1267 1889 1390 1969 insper-

220 2005 312 2075 geret
347 1996 526 2079 impudicas
562 1994 795 2077 ambiguasque
835 1993 970 2058 facetias
1009 1993 1233 2076 phallophoris
1271 1996 1393 2076 optime

221 2106 460 2178 convenientes,
493 2103 604 2185 quales
636 2100 878 2184 Aristophanes
913 2107 949 2164 nt
983 2101 1188 2165 insulsissimi
1225 2102 1392 2167 comoediae

220 2212 392 2294 megaricae
415 2211 544 2294 generis
567 2210 717 2291 proprias
741 2207 958 2290 vituperabat,
983 2208 1041 2272 sed
1060 2230 1266 2292 nequaquam
1282 2231 1393 2292 asper-

220 2319 372 2384 nabatur.
414 2317 619 2382 Accedamus
642 2337 729 2379 nunc
753 2315 794 2379 ad
817 2316 890 2397 ipsa
914 2315 1064 2379 ludorum
1087 2322 1280 2397 argumenta
1305 2338 1392 2380 com-

219 2425 367 2509 paranda
391 2431 424 2489 et
448 2445 486 2488 ea
504 2446 575 2506 quae
594 2423 760 2488 comoediae
776 2422 970 2505 palaeatticae
987 2445 1060 2487 curn
1077 2422 1288 2487 Doriensium
1304 2424 1392 2490 ludis

220 2533 402 2598 communia
425 2533 546 2596 fuerint
569 2536 726 2614 qnantum
749 2528 820 2595 fieri
844 2532 966 2613 poterit
988 2530 1193 2596 illustranda.
