3240 4898
746 258 967 319 ..32-

270 451 448 516 veneficam
481 459 536 516 aut
568 474 663 516 unam
697 474 736 516 ex
768 452 895 516 ancillis
925 451 1108 535 perfidiosis
1141 453 1299 535 supplicio
1334 453 1446 535 puniri

269 560 447 642 existimat)
470 559 643 623 admodum
668 560 747 623 mihi
771 559 954 642 ambiguum
980 559 1117 623 videtur.
1165 556 1230 623 Sed
1254 559 1287 621 in
1312 557 1444 623 vasculo

271 665 291 728 h
316 665 429 730 Ulixes
455 665 603 749 depictus
628 673 678 730 est
701 666 841 750 pileatus
865 667 920 748 qui
937 666 1130 731 Diomedem
1156 667 1263 749 operis
1284 666 1444 748 periculo·

269 773 388 836 sissimi
412 774 604 856 participem
627 773 771 854 palladio
796 773 883 856 quod
899 773 954 836 ille
970 772 1153 837 abstulerat
1169 772 1297 837 videtur
1314 772 1446 836 defrau-

271 879 365 962 dare3
393 879 426 943 in
452 881 585 944 sinistra
609 880 694 943 enim
717 901 816 944 manu
848 880 975 961 signum
1008 878 1138 944 caeleste
1168 885 1295 960 tenens
1327 878 1445 943 dextra

268 986 414 1068 gladium
438 988 600 1068 stringens
625 988 739 1051 anxius
764 993 801 1051 ut
825 987 952 1052 videtur
976 987 1136 1070 Tydidem
1159 986 1291 1070 respicit
1321 987 1443 1068 quippe

268 1094 326 1175 qui
349 1093 525 1157 iracundus
551 1115 623 1158 eum
648 1096 858 1177 prosequitur
880 1095 1025 1178 praedam
1054 1116 1144 1158 suam
1175 1099 1443 1176 recuperaturum

269 1201 398 1283 pictura
434 1223 465 1263 m
504 1209 663 1264 monstrat
698 1200 827 1266 Ulixem
865 1202 1059 1284 naufragum
1094 1200 1232 1266 Aretam
1267 1199 1444 1265 Alcinoum

270 1307 463 1372 amicissime
488 1309 574 1372 inter
597 1329 668 1372 sese
693 1309 937 1374 consalutantes
955 1309 1021 1392 (fig.
1042 1308 1083 1394 1).
1119 1308 1266 1373 Fabulas
1282 1307 1444 1372 Troianas

270 1413 543 1497 phlyacographis
573 1415 737 1497 placuisse
768 1422 910 1481 testatur
944 1437 1073 1499 quoque
1104 1417 1233 1499 pictura
1263 1414 1370 1498 Heyd.
1396 1412 1443 1497 Q:

269 1520 436 1585 Priamum
468 1523 502 1584 iu
534 1544 591 1586 ara
623 1522 790 1587 sedentem
820 1523 1058 1606 Neoptolemus
1090 1523 1173 1606 petit
1207 1522 1442 1587 trucidaturus.

268 1626 310 1691 ln
356 1627 454 1692 rebus
493 1628 678 1693 Homericis
718 1630 907 1712 Epicharmi
952 1635 1123 1693 versantur
1168 1628 1286 1693 fabulae
1325 1635 1442 1715 Τρῶες,

271 1732 476 1821 Φιλοκτήτας,
513 1727 676 1812 Ὀδυσσεὺς
706 1727 892 1818 αὐτόμολος,
927 1726 1089 1812 Ὀδυσσεὺς
1118 1734 1264 1819 ναυαγὸς,
1288 1731 1441 1819 Κύκλωψ,

268 1846 426 1926 Σειρῗνες.
478 1843 608 1907 Fabula
631 1841 776 1926 Κύκλωψ
804 1843 962 1926 inscripta
986 1841 1142 1926 Odyssea
1176 1844 1305 1907 videtur
1328 1841 1442 1927 Cyclo-

269 1968 362 2028 peam
387 1954 539 2030 tractare,
563 1972 638 2014 nam
662 1950 700 2013 fr.
726 1952 768 2013 83

615 2083 687 2171 φέρ’
713 2080 823 2168 ἐγχέας
845 2082 892 2160 εἷς
914 2082 952 2150 τὸ
976 2082 1099 2171 σκύφος

270 2209 350 2271 mire
374 2208 500 2272 accedit
525 2209 566 2273 ad
591 2208 834 2273 similitudinem
858 2210 921 2274 loci
944 2211 1110 2275 Homerici
1135 2236 1145 2274 ι
1172 2215 1235 2299 355

398 2341 451 2418 δός
473 2366 529 2425 μοι
553 2340 601 2407 ἔτι
625 2342 792 2430 πρόφρων,
816 2348 872 2407 καί
893 2368 950 2426 μοι
974 2343 1046 2410 τεὸν
1070 2337 1189 2427 οὔνομα
1213 2343 1302 2412 εἶπέ.

268 2474 303 2530 et
326 2465 365 2530 fr.
390 2471 429 2532 81

488 2562 619 2630 καὶτὸν
643 2565 790 2645 Ποτιόᾶν,
815 2565 995 2652 κοιλότερος
1018 2560 1117 2649 dirior]
1140 2566 1222 2631 πολύ

268 2697 356 2762 haud
392 2698 489 2762 dubie
524 2699 716 2782 Polyphemi
752 2701 850 2764 verba
885 2708 961 2765 sunt
1000 2739 1043 2748 -
1082 2699 1274 2765 exclamatio
1310 2701 1440 2783 quidem

268 2803 394 2870 Oceani
417 2806 484 2870 filio
508 2808 676 2889 aptissima
701 2814 750 2873 est
776 2846 815 2854 —
839 2807 992 2892 poculum
1016 2807 1208 2871 exhaustum
1232 2808 1439 2890 porrigentis.

271 2910 337 2977 Sed
361 2912 474 2976 eodem
500 2921 690 2996 argumento
715 2916 818 2979 utitur
842 2912 970 2979 Cratini
993 2912 1104 2978 fabula
1119 2903 1267 2998 Ὀδοσσῆς
1282 2914 1441 2996 inscripta

267 3017 324 3102 (cf.
351 3018 483 3101 Kaibel,
508 3019 650 3084 Hermes
674 3020 786 3085 XXX
805 3025 842 3086 71
862 3020 957 3106 sqq.).
999 3019 1171 3103 Quomodo
1196 3026 1295 3103 poeta
1319 3043 1441 3086 comoe-

269 3126 355 3189 diam
380 3126 573 3190 instruxerit
597 3128 787 3191 coniectura
817 3129 940 3210 colligit
969 3127 1170 3211 lepidissima
1192 3127 1359 3211 Welclrer‚
1384 3130 1441 3193 Kl.

268 3229 433 3296 Schriften
461 3231 480 3294 Ι
508 3236 582 3312 322,
625 3233 819 3298 edacitatem
856 3255 1013 3299 summam
1049 3233 1149 3299 fuisse
1185 3241 1304 3316 putans
1340 3238 1442 3302 totius

267 3339 398 3416 fabulae,
423 3339 561 3404 fortasse
586 3347 683 3420 recte,
709 3342 785 3423 quia
808 3342 991 3424 fragmenta
1017 3344 1077 3407 147
1104 3351 1136 3406 et
1163 3346 1224 3407 148
1250 3344 1318 3408 sine
1343 3344 1441 3410 dubio

267 3446 457 3511 ecihorum
488 3449 732 3512 enumeratione
767 3448 925 3512 exhausta
956 3454 1032 3511 sunt
1063 3448 1300 3515 delicatiorum.
1348 3449 1442 3516 Simi-

268 3555 344 3618 liter
367 3555 400 3616 in
425 3550 538 3618 Galliae
562 3555 672 3618 fabula
689 3553 864 3631 Κύκλωπες
887 3555 1043 3636 iuscripta
1066 3553 1254 3640 τραγήματα
1279 3558 1440 3638 copiosius

267 3668 481 3724 recensentur
505 3661 682 3743 (Meinelre,
700 3661 775 3726 hist.
793 3662 864 3726 crit.
883 3662 975 3744 214);
999 3660 1181 3743 fragmenta
1206 3665 1225 3726 3
1250 3670 1283 3727 et
1306 3666 1326 3725 4
1351 3661 1439 3724 cibos

267 3788 341 3848 quae
381 3775 572 3831 enumerant
610 3769 793 3832 tetrametri
830 3769 988 3832 trochaici
1024 3776 1100 3833 sunt
1138 3769 1322 3852 propinqua
1360 3787 1438 3830 sane

266 3875 460 3957 cognatione
486 3875 649 3939 coniuncti
673 3896 746 3938 cum
770 3875 916 3939 versibus
934 3897 1015 3958 quos
1032 3897 1072 3940 ex
1088 3875 1277 3957 Epicharmi
1293 3879 1439 3938 tenemus

268 3980 374 4045 Hebae
398 3981 529 4064 nuptiis

357 4087 407 4150 Eo
432 4086 571 4169 denique
596 4087 753 4153 comoedia
774 4086 890 4152 Attica
908 4110 980 4152 cum
997 4087 1106 4153 Sicula
1122 4087 1251 4152 videtur
1268 4086 1439 4151 concinere

267 4193 357 4275 quod
393 4194 427 4255 in
465 4192 563 4258 rebus
601 4192 751 4276 mythicis
790 4194 972 4260 tractandis
1013 4215 1193 4259 sermonem
1227 4193 1438 4258 Homericum
