3240 4898
699 317 921 377 ..44-

408 505 445 574 ml
468 510 536 597 πῦρ
561 504 648 575 nolti
671 509 758 575 λίαν·
782 505 890 594 iirruya
912 507 971 583 τοῖς
994 508 1211 597 α’κροβελίδας

225 657 313 715 16616
347 651 461 734 „coqui
491 651 591 716 verba
622 651 664 716 ad
694 653 897 716 ministrum“
931 653 1050 734 accipit
1079 652 1233 717 Mainake
1263 651 1301 715 H
1334 654 1395 717 717

225 756 280 842 (cf.
316 756 401 821 Ach.
438 759 523 821 1003
560 780 629 841 sqq.
664 757 728 823 Ar.
767 762 850 823 1579
887 757 984 844 sqq.).
1047 758 1110 826 Vel
1144 761 1216 843 ipsa
1251 760 1396 824 ciborum

226 865 426 929 enumeratio
461 864 548 947 apud
584 862 789 948 Archippum
828 864 916 929 haud
946 865 1076 930 videtur
1107 866 1323 949 discrepuisse
1354 865 1397 930 ab

225 971 414 1054 Epicharmi
436 971 580 1053 ratione3
603 970 706 1036 habes
730 970 769 1038 fr.
799 975 837 1036 12

554 1113 695 1201 νήστεις,
719 1112 882 1202 κεστρέας,
906 1112 1069 1201 κεφάλους

225 1255 281 1319 ubi
305 1255 447 1338 singulas
472 1255 604 1320 delicias
629 1257 817 1340 asyndetice
841 1258 931 1322 vides
955 1259 1116 1322 nominari
1139 1257 1235 1340 plane
1265 1258 1298 1320 in
1329 1279 1397 1322 rno-

226 1361 302 1425 dum
332 1361 594 1443 Epicharmeum.
640 1363 814 1446 Perspexit
843 1364 908 1427 iam
939 1363 1068 1428 Lorenz
1101 1387 1132 1447 p.
1157 1367 1198 1428 99
1231 1385 1398 1428 enumera·

225 1469 331 1533 tiones
354 1468 427 1532 illas
452 1490 597 1534 escarum
620 1469 857 1534 mollicularum
881 1472 915 1534 in
938 1469 1060 1535 Atticae
1085 1470 1250 1535 comoediae
1278 1469 1398 1535 fabulis

225 1575 416 1657 percrebras
451 1574 493 1639 ad
530 1576 719 1659 Epicharmi
759 1577 941 1660 exemplum
976 1576 1069 1640 fictas
1102 1597 1181 1654 esse,
1218 1577 1260 1641 ad
1290 1577 1398 1642 Hebae

225 1683 355 1765 nuptias
390 1682 550 1746 adnotans
589 1682 661 1767 „die
698 1683 802 1747 vielen
838 1683 1010 1766 speziellen
1043 1680 1297 1766 Aufzaihlungen
1335 1704 1398 1748 von

225 1788 402 1872 Wildpret,
430 1789 565 1872 Vb'geln,
591 1789 743 1872 Eischen,
773 1789 987 1869 Schaltieren‚
1017 1788 1158 1853 Kuchen
1182 1812 1213 1852 u.
1238 1789 1313 1872 dgl.,
1338 1791 1398 1854 wie

225 1895 259 1958 in
287 1916 368 1977 ganz
397 1895 569 1959 tihnlichen
598 1895 754 1961 Partieen
778 1898 944 1961 mehrerer
966 1895 1164 1960 Komoedien
1189 1895 1246 1960 des
1268 1893 1398 1960 Aristo·

225 2001 379 2084 phanea.“
428 2002 469 2066 In
499 2003 685 2067 universum
716 2004 904 2069 narratione
936 2002 1039 2066 multa
1070 2002 1221 2067 absoluta
1256 2023 1327 2066 esse
1363 2003 1398 2066 in

225 2107 414 2190 Epicharmi
438 2107 556 2173 fabulis
585 2110 811 2195 mythologicis
843 2109 972 2174 Lorenz
996 2131 1027 2192 p.
1056 2112 1116 2173 133
1148 2117 1236 2174 recte
1259 2109 1398 2174 fortasse

226 2214 404 2280 arbitratur
427 2237 555 2281 necnon
578 2219 769 2282 comoediam
791 2215 938 2281 Atticam
962 2215 1023 2279 hac
1052 2217 1084 2280 in
1117 2237 1152 2280 re
1178 2214 1279 2281 Siculi
1304 2238 1397 2280 usam

226 2342 297 2386 osse
323 2322 469 2406 exemplo
493 2324 668 2389 verisimile
694 2331 752 2388 cst.

318 2430 422 2495 Unam
453 2437 540 2495 certe
570 2432 759 2515 Epicharmi
790 2429 943 2511 fabulam,
974 2427 1130 2518 Ἡρακλῆς
1161 2427 1179 2496 ὁ
1206 2426 1274 2515 πάρ
1301 2425 1398 2515 Φόλῳ

226 2535 423 2619 inscriptam,
457 2536 699 2622 Aristophanes
728 2559 780 2602 me
813 2539 944 2620 quidem
973 2537 1080 2601 iudice
1110 2538 1229 2602 imitari
1262 2535 1396 2602 studuit.

225 2643 255 2706 E
280 2642 348 2708 solo
374 2644 461 2727 quod
484 2645 572 2709 illius
596 2643 714 2709 fabulae
740 2653 888 2726 superest
912 2644 1093 2728 fragmento
1119 2643 1170 2723 (sr.
1198 2643 1253 2728 78)

386 2800 469 2871 (illd
491 2801 555 2887 poia
578 2801 659 2888 ἐγών
682 2800 802 2892 ἀνάγκᾳ
825 2805 928 2871 ταῦτα
952 2806 1057 2870 πάντα
1081 2801 1197 2870 ποιέω·

386 2912 499 2993 οἴομαι
524 2906 667 2984 δὀὐδεὶς
689 2908 771 2979 ἑκών
795 2908 938 3000 πονηρὸς
961 2907 1030 2979 orid’
1055 2908 1135 2976 dccv
1157 2908 1250 2991 ἔχων.

226 3069 267 3132 ad
291 3075 517 3152 argumentum
534 3072 772 3135 restituendum
789 3071 870 3135 nihil
887 3071 968 3135 effici
985 3070 1143 3152 conced03
1168 3070 1396 3148 Wilamowita,

225 3176 389 3241 Herakles
404 3174 444 3240 Ι2
461 3181 501 3241 99
519 3177 589 3240 haec
607 3178 706 3241 verba
719 3177 859 3242 Herculi
876 3178 1033 3255 attribuit,
1059 3178 1147 3242 haud
1165 3183 1252 3242 certe
1268 3178 1399 3241 iniuria.

225 3282 331 3347 Nemo
356 3289 463 3348 tamen
488 3305 561 3347 cum
584 3283 702 3347 fabulae
726 3283 856 3348 titulum
880 3284 1109 3348 animadvertit
1133 3284 1296 3349 dubitabit
1320 3284 1397 3366 quin

226 3388 469 3453 fundamentum
493 3391 563 3455 eius
583 3389 745 3455 Hercules
770 3390 869 3454 fuerit
892 3390 946 3454 ille
961 3390 1059 3455 Pholi
1075 3388 1233 3455 Centauri
1257 3391 1399 3473 hospitio

226 3502 380 3580 acceptus
393 3519 537 3580 cenaque
551 3498 797 3580 opulentissima
809 3496 1000 3577 delectatne,
1020 3496 1136 3562 deinde
1151 3519 1227 3563 vero
1245 3519 1265 3560 a
1281 3497 1399 3561 ceteris

227 3602 401 3668 Centauris
424 3605 544 3668 acriter
576 3606 784 3687 impugnatus
816 3612 915 3688 atque
947 3605 1095 3669 maximis
1129 3603 1295 3669 laboribus
1328 3624 1400 3667 sese

226 3710 384 3792 liberans3
431 3710 471 3775 cf.
503 3710 657 3775 Meineke
688 3709 725 3773 Π
759 3714 854 3776 1055.
909 3709 1011 3776 Ouius
1049 3711 1129 3776 facti
1160 3710 1279 3776 famam
1311 3707 1398 3792 apud

227 3815 353 3882 Siculos
383 3818 563 3899 antiquitus
594 3818 627 3880 in
658 3818 762 3901 gratia
793 3818 892 3882 luisse
923 3825 1114 3902 argumento
1146 3824 1196 3883 est
1220 3815 1399 3883 Stesichori

225 3924 442 4008 fragmentum
466 3925 498 4006 (7
524 3924 686 4009 Ber¹glr⁴);
717 3925 852 4008 respicit
884 3947 952 3988 rem
984 3926 1083 3989 etiam
1107 3923 1301 3989 Theocritus
1325 3921 1397 3988 VII

229 4036 290 4096 149
304 4053 350 4114 sq.
375 4030 447 4094 Iam
463 4052 538 4094 vero
551 4029 809 4113 Aristophanem
825 4033 857 4095 in
875 4031 986 4096 fabula
996 4029 1161 4120 Apciparo
1179 4027 1398 4117 ἢΚὲνταυρος

226 4139 382 4220 inscripta
398 4137 578 4202 Herculem
601 4139 786 4204 exhibuisse
811 4162 830 4204 a
853 4137 959 4203 Pholo
978 4137 1144 4204 Centauro
1169 4138 1202 4201 in
1219 4134 1396 4200 convivium

226 4244 407 4309 adhibitum
435 4245 469 4307 in
498 4244 646 4309 confesso
671 4253 734 4328 est3
771 4245 811 4313 cf.
836 4245 1064 4326 Wilamowitz‚
1088 4245 1230 4309 Hermes
1253 4241 1310 4305 IX
1334 4243 1400 4305 330
