3240 4898
704 325 923 387 „12-

227 523 499 588 Ludificationem
535 521 645 603 potius
683 519 833 583 haustam
870 539 940 582 esse
975 518 1117 581 arbitror
1148 537 1187 580 ex
1217 515 1399 598 nrythorum

227 650 362 694 numero
386 627 601 712 popularium,
626 648 707 709 quos
732 627 852 708 optime
876 626 909 687 in
934 647 1027 688 usum
1044 646 1136 688 suum
1154 623 1307 706 phlyaces
1325 643 1400 686 con-

227 744 354 800 vertere
377 735 538 818 praeclara
562 735 680 798 docent
704 731 860 814 exempla,
886 739 961 794 ante
986 732 1093 795 omnia
1116 752 1172 794 vas
1189 729 1289 794 fictile
1305 729 1398 796 Mon.

228 843 258 907 d,
283 844 357 906 inst.
383 841 434 908 VI
458 845 499 906 35
525 841 611 922 quod
636 839 800 923 vulgatam
825 839 864 901 de
888 838 1034 901 Hercule
1051 835 1214 918 Apollinis
1238 835 1400 917 tripodem

226 949 373 1032 praedato
405 949 626 1012 narrationem
658 947 848 1009 ioculariter
883 946 1053 1008 immutare
1075 926 1325 1008 ¹demonstravit
1356 943 1398 1006 A.

226 1056 354 1138 Reate,
379 1054 422 1123 A.
446 1055 480 1119 J.
505 1055 598 1122 VIII
622 1055 674 1117 88.

316 1163 446 1226 Deinde
464 1161 624 1226 comoedia
638 1159 748 1224 Sicula
764 1181 899 1242 prorsus
914 1161 948 1223 in
964 1158 1249 1241 phlyacographiae
1266 1158 1397 1223 modum

227 1270 459 1334 obscoenitates
484 1280 615 1351 captare
641 1266 768 1329 videtur
793 1288 831 1330 ac
860 1265 1089 1349 turpitudines,
1120 1266 1265 1329 iocorum
1297 1287 1400 1348 genus

226 1377 314 1460 plebi
349 1377 621 1459 acceptissimum.
677 1372 901 1457 Syracusanos
937 1375 1021 1436 enim
1053 1373 1227 1436 histriones
1259 1372 1398 1436 eundem

226 1485 418 1567 praestitisse
442 1488 592 1546 ornatum
618 1489 716 1564 atque
740 1479 846 1544 Italiae
872 1480 1092 1544 meridionalis
1117 1501 1246 1544 scurras
1274 1500 1333 1562 per
1365 1501 1399 1543 se

227 1598 314 1655 certe
339 1589 512 1653 verisimile
537 1597 604 1671 est3
641 1610 713 1652 cum
737 1609 813 1651 vero
839 1586 997 1651 Zielinski
1022 1585 1241 1669 (Quaestiones
1266 1588 1397 1650 comicae

226 1721 257 1780 p.
276 1697 331 1782 37)
355 1697 444 1760 velut
468 1696 557 1779 apud
573 1695 830 1779 Aristophanem
855 1695 901 1758 sic
925 1694 1012 1777 apud
1035 1695 1270 1776 Epicharmum
1298 1693 1400 1775 phalli

226 1826 320 1868 usum
344 1810 451 1889 neget,
475 1824 609 1867 necesse
634 1809 683 1866 est
707 1803 791 1865 hanc
816 1822 944 1883 quoque
968 1823 1037 1864 rem
1060 1801 1201 1864 breviter
1226 1801 1398 1882 attingere.

315 1909 454 1975 Poetam
472 1909 615 1974 Siculum
633 1910 673 1973 ab
698 1908 967 1973 obscoenitatibus
991 1929 1198 1990 nequaquam
1222 1907 1398 1972 abhorrere

226 2017 278 2080 vel
308 2018 342 2080 in
372 2016 627 2099 fragmentorum
658 2017 834 2098 exiguitate
865 2016 979 2098 nequit
1002 2037 1067 2079 non
1091 2014 1276 2097 intellegi.⁴)
1325 2011 1399 2096 Qua

226 2125 353 2187 ratione
383 2115 504 2208 ἄγκυρα
527 2146 589 2187 vox
620 2123 800 2186 membrum
831 2122 972 2205 genitale
1003 2123 1107 2204 possit
1136 2119 1318 2204 significare
1342 2119 1397 2205 (fr.

229 2234 305 2294 191:
339 2229 480 2312 Hesych.
507 2253 530 2296 s.
560 2253 588 2294 v.
618 2228 655 2293 ab
686 2227 811 2298 αἰδοῖον
841 2227 930 2315 παρὰ
961 2219 1160 2313 Ἐπιχάρμῳ)
1192 2229 1399 2310 perspicuum

225 2336 286 2400 tibi
309 2336 347 2400 fit
371 2337 397 2400 si
421 2358 549 2401 ancorae
574 2337 729 2400 iacienda
753 2358 848 2400 usum
871 2343 1020 2418 reputas3
1044 2335 1252 2399 translationi
1276 2335 1399 2399 obscoe-

226 2444 377 2508 nissimus
403 2443 515 2508 subest
546 2466 670 2526 sensus,
702 2445 794 2508 cuius
827 2443 1008 2525 exemplum
1038 2441 1201 2524 persimile
1232 2441 1334 2505 habes
1366 2442 1400 2504 in

227 2549 459 2633 Aristophanis
484 2550 830 2632 Thesmophoriazusis
855 2549 1005 2614 secundis
1030 2549 1066 2616 fr.
1094 2551 1156 2612 317
1183 2547 1318 2631 (Koch),
1343 2546 1400 2610 ubi

225 2658 301 2721 vina
325 2665 556 2722 enumerantur
580 2679 651 2740 qnae
677 2659 804 2738 erigant
826 2655 881 2720 τὸν
905 2653 1036 2739 ἔμβολον
1063 2656 1220 2738 (Hesych.
1246 2676 1270 2718 s.
1295 2677 1323 2718 v.
1349 2645 1397 2722 Ἀ.

227 2761 259 2829 ἐν
295 2763 632 2852 Θεσμοφοριαζούσαις
662 2763 699 2828 τὸ
730 2763 877 2849 αἰδοῖοι).
932 2762 1013 2846 Quae
1049 2784 1110 2826 vox
1146 2762 1255 2826 omnia
1288 2767 1398 2843 potest

227 2871 409 2956 significare
426 2894 498 2954 quae
515 2873 742 2948 immittuntur,
767 2873 965 2949 inseruntur,
991 2870 1147 2951 imprimis
1163 2890 1239 2932 vero
1256 2879 1398 2931 rostrum

226 2979 314 3061 quod
349 2979 485 3042 nauibus
521 2977 655 3063 infigere
692 2979 840 3044 solebant
875 2978 1031 3042 hostium:
1071 2975 1263 3059 metaphora
1296 2979 1398 3057 patet.

226 3084 314 3168 Quin
337 3087 370 3148 in
395 3086 584 3168 Epicharmi
608 3087 693 3150 dicto
718 3086 756 3153 fr.
784 3089 847 3150 235
871 3088 966 3171 γέρρα
989 3082 1098 3160 Ναξια
1121 3083 1225 3148 lateat
1256 3080 1400 3145 obscoeni

226 3193 305 3275 quid
328 3193 416 3256 haud
441 3193 574 3256 dubium
600 3200 663 3272 est3
700 3193 841 3275 explicat
869 3214 937 3256 rem
961 3191 1174 3273 Paroemiogr.
1200 3187 1287 3272 App.
1312 3189 1331 3252 I
1356 3191 1397 3252 72

225 3303 323 3387 γέρρα
346 3298 471 3363 Σικελοὶ
495 3299 622 3382 λέγουσι
645 3297 685 3362 τὰ
709 3289 837 3383 ἅνδρεῑα
860 3299 914 3361 καὶ
937 3306 1101 3382 γυναικεῖα
1117 3295 1238 3360 αἰδοῖα.
1260 3282 1296 3381 ip
1312 3293 1345 3358 δὲ
1365 3292 1398 3359 ἐν

225 3431 262 3492 up
277 3405 421 3492 Σικελικῇ
436 3403 537 3492 Νάξῳ
560 3410 690 3487 τέμενος
714 3403 954 3470 ἐπιθαλάσσιον
961 3396 1153 3493 Ἀφροδίτης,
1179 3401 1211 3467 ἐν
1228 3393 1254 3488 ᾧ
1269 3400 1394 3486 μεγαλα

225 3510 332 3576 αἰδοῖα
348 3504 499 3577 α’νέκειτο.
519 3520 617 3595 atque
635 3501 1196 3595 schol.LucisnIV‘219Iac7ch'
1212 3501 1399 3593 Ἐπιχάρμῳ

224 3618 282 3700 μὲν
305 3617 366 3706 γὰρ
389 3623 484 3705 γέρρα
501 3617 610 3700 Νάξια
635 3618 743 3703 (codd.
766 3640 877 3706 γερραι
900 3616 1004 3702 ναξια)
1027 3617 1083 3681 καὶ
1106 3615 1229 3703 ε’ίρρται
1254 3614 1310 3680 ἐπὶ
1334 3622 1400 3678 τιῖν

225 3722 365 3794 αἰδοίαν.
414 3726 509 3810 Quod
535 3727 680 3802 Orosius,
705 3725 1184 3808 Phi101.vol.suppl.V1284
1208 3723 1393 3788 testimonio

225 3835 320 3899 nixus
351 3835 568 3918 Etymologici
601 3856 642 3900 m.
673 3836 736 3896 228
767 3833 907 3918 (λέγεται
930 3832 964 3898 δὲ
987 3835 1081 3916 γέρρα
1105 3831 1159 3894 καὶ
1183 3830 1222 3894 τὰ
1247 3826 1397 3913 δερμά-

225 3966 318 4006 τινα
357 3941 512 4028 αἰδοῖα)
551 3943 598 4005 ita
638 3941 861 4023 accipiendum
901 3940 978 4020 vult,
1017 3947 1053 4003 ut
1091 3945 1190 4021 poeta
1230 3935 1397 4001 scurrilem

224 4048 440 4112 ioculatorum
471 4055 622 4113 ornatum
662 4047 835 4129 derideret,
874 4048 981 4110 locum
1019 4064 1201 4108 memorans
1240 4043 1396 4117 Nubium‚

313 4200 334 4266 ⁴)
355 4197 394 4250 Cf.
415 4198 534 4266 (husius,
560 4197 808 4266 Untersuchungen
834 4214 867 4247 zu
894 4195 946 4247 den
972 4192 1150 4247 Mimiamben
1180 4191 1228 4245 des
1252 4191 1399 4244 Herondas

224 4297 251 4347 p.
271 4279 331 4333 129.
