3240 4898
708 327 906 387 ..6-

220 514 269 580 At
285 518 409 599 primus
426 517 558 598 Kaibel,
575 518 718 584 Hermes
733 518 861 586 XXIV
879 521 920 583 54
938 520 1048 584 adnot.
1066 520 1265 602 argumentis
1283 520 1393 585 docuit

221 625 351 706 optimis
374 624 632 708 Aristophanem
656 631 761 708 poetae
787 624 888 690 Siculi
912 647 1011 709 opera
1034 648 1100 690 non
1122 627 1225 691 solum
1242 628 1275 691 in
1292 629 1392 691 mani·

221 730 283 795 bus
306 732 462 815 tenuisse,
486 733 583 797 immo
609 733 707 797 etiam
737 732 894 797 imitando
919 739 1130 797 consecutum
1154 754 1234 798 esse.
1265 733 1395 798 Novum

222 837 338 901 deinde
363 838 545 921 exemplum
575 838 701 903 addidit
725 837 871 921 OrusiuS,
903 839 1094 923 Philologus
1126 840 1187 906 vol.
1213 841 1318 923 suppl.
1343 840 1394 906 VI

223 947 296 1029 292,
322 946 377 1027 qui
401 951 526 1009 tantam
550 944 611 1009 hac
633 946 667 1008 in
690 967 726 1009 re
750 945 902 1010 fiduciam
918 946 1011 1028 ponit
1026 952 1062 1009 ut
1078 946 1276 1028 Epicharmo
1304 947 1394 1024 „tiel-

223 1051 392 1132 gehenden
416 1051 560 1116 Einfluss
584 1052 642 1116 auf
663 1052 720 1116 das
744 1053 883 1116 attische
906 1051 1052 1116 Drama'“
1086 1053 1162 1117 velit
1195 1052 1391 1117 adscribere.

224 1158 335 1221 Etiam
358 1157 586 1244 Wilamowitz‚
616 1159 888 1241 Textgescbichte
913 1159 972 1222 der
995 1160 1115 1240 griech.
1141 1159 1280 1242 Lyriher
1310 1158 1392 1243 (Ab-

223 1264 432 1346 handlungen
456 1266 515 1328 der
539 1263 721 1332 Gesellsch.
748 1266 806 1329 der
822 1265 924 1330 Wiss.
943 1263 1125 1349 Gottingen
1148 1266 1200 1331 IV
1223 1265 1265 1331 N.
1283 1265 1339 1349 F.)
1363 1289 1393 1349 p.

224 1374 265 1435 25
291 1372 532 1453 antiquissimos
556 1373 619 1436 iam
645 1372 812 1436 comoedia
835 1369 957 1436 Atticae
981 1380 1096 1454 poetas
1119 1372 1247 1437 fabulas
1268 1371 1395 1437 Siculas

224 1479 406 1561 respexisse
431 1480 602 1543 verisimile
628 1480 726 1543 ducit.

312 1584 363 1649 Ac
387 1585 457 1650 fieri
482 1593 569 1650 certe
602 1587 707 1668 potuit
738 1592 775 1650 ut
809 1592 914 1669 poetae
940 1585 1042 1652 Siculi
1077 1586 1206 1663 fabula,
1243 1587 1395 1668 quoniam

223 1691 340 1755 litteris
365 1699 459 1756 erant
482 1693 655 1774 mandatae,
688 1699 816 1758 mature
851 1695 884 1756 in
909 1692 1157 1757 Atheniensium
1190 1695 1396 1776 pervenirent

222 1799 390 1881 notitiam,
415 1798 454 1863 cf.
473 1799 589 1876 Bothe,
608 1799 846 1882 Prolegomena
868 1823 926 1863 zur
943 1798 1143 1864 Geschichte
1162 1799 1219 1864 des
1236 1799 1395 1864 Theaters

223 1906 267 1967 im
283 1902 452 1968 Altertum
469 1929 499 1988 p.
519 1909 571 1970 62.
604 1905 721 1988 Itaque
745 1905 995 1990 Bernhardynm
1019 1907 1107 1970 haud
1131 1906 1213 1971 falso
1239 1905 1396 1989 suspicari

224 2012 428 2098 crediderim,
453 2013 565 2094 quiin
589 2011 671 2076 libro
697 2013 748 2076 cui
772 2014 936 2096 inscripsit
966 2011 1169 2092 „Grundriss
1194 2014 1252 2077 der
1276 2013 1395 2095 griech.

225 2119 326 2183 Litt.“
352 2117 390 2182 ΙΙ
408 2123 426 2183 2
442 2142 474 2201 p.
493 2122 557 2183 524
588 2120 696 2204 „scine
721 2118 802 2205 (scil.
819 2120 1025 2204 Epicharmi)
1050 2120 1267 2202 Komddien“,
1292 2121 1397 2202 inquit

227 2231 378 2304 „miissen
401 2226 476 2289 friih
501 2226 604 2290 durch
621 2227 672 2291 die
689 2227 812 2292 Schrist
828 2227 936 2292 fixiert
952 2227 1020 2290 und
1035 2228 1120 2292 nach
1136 2228 1249 2291 Athen
1265 2228 1396 2311 gelangt

225 2334 326 2412 sein“,
359 2334 485 2397 etiarnsi
517 2336 585 2398 eius
617 2337 929 2417 argumentationem
961 2334 1167 2400 abnuendam
1198 2356 1268 2399 csse
1296 2335 1396 2399 hodie

224 2447 362 2505 constat.
393 2439 489 2524 Quod
514 2443 599 2505 enirn
622 2442 781 2506 Zielinski
804 2443 824 2507 1.
843 2464 869 2506 c.
898 2445 960 2506 243
986 2442 1046 2507 sibi
1071 2464 1263 2524 persuasum
1295 2442 1393 2506 habet

223 2548 396 2611 Platonem
431 2549 559 2612 demum
584 2547 696 2614 Sicilia
730 2549 845 2613 relicta
880 2550 963 2613 sicut
988 2547 1168 2631 Sophronis
1203 2549 1316 2613 mimos
1350 2549 1396 2612 ita

223 2654 412 2736 Epicharmi
442 2677 571 2738 quoque
604 2654 732 2720 fabulas
756 2654 898 2720 Athenis
929 2655 1089 2739 vulgasse,
1121 2655 1248 2719 ratione
1279 2655 1396 2719 nititur

225 2760 398 2825 admodum
422 2762 629 2844 improbabili
646 2784 743 2844 quarn
760 2764 881 2845 optimo
899 2764 970 2826 iure
986 2762 1109 2826 Kaibel
1126 2760 1289 2827 refutarit.
1323 2759 1395 2841 Quo

224 2889 301 2932 vero
326 2876 472 2950 tempore
497 2869 718 2933 Athenienses
741 2869 931 2952 Epicharmi
967 2889 1066 2951 opera
1100 2868 1235 2950 propius
1267 2867 1395 2947 cognita

224 2975 347 3040 habere
370 2976 561 3057 inceperint,
586 2977 772 3058 perspicere
788 2976 877 3039 nullo
894 2982 989 3058 pacto
1007 2996 1189 3057 possumus,
1215 2973 1270 3056 (ol.
1288 2973 1391 3052 Diels,

223 3081 289 3145 Die
312 3082 512 3164 Fragmenta
537 3082 595 3146 der
615 3082 869 3148 Vorsokratiher
885 3082 950 3166 92).
981 3079 1062 3164 Quae
1079 3080 1271 3144 Duemmler
1288 3079 1398 3171 attulit

225 3188 267 3252 ad
279 3209 348 3252 rem
360 3189 587 3271 inquirendam
602 3188 747 3270 (Bonner
761 3187 900 3254 Studien
911 3211 942 3270 p.
953 3192 994 3252 88
1004 3210 1051 3270 sq.
1060 3222 1096 3240 =
1105 3187 1224 3250 Kleinc
1234 3185 1397 3251 Schriften

223 3295 387 3381 111315),
413 3317 485 3359 cum
508 3296 680 3360 nonnullas
705 3317 855 3360 vasorum
872 3295 1057 3359 Atticorum
1081 3295 1226 3377 picturas
1248 3301 1337 3359 ortas
1353 3333 1396 3339 —

224 3409 260 3466 ut
282 3409 377 3484 putat
395 3441 434 3450 —
452 3403 545 3467 initio
562 3402 630 3466 fere
649 3403 753 3485 quinti
770 3402 880 3467 saeculi
897 3424 936 3466 ex
951 3401 1141 3484 Epicharmi
1159 3401 1264 3465 credit
1279 3401 1398 3466 fabulis

224 3510 377 3593 pendere,
395 3510 477 3574 adeo
494 3516 570 3574 sunt
585 3511 711 3574 incerta
726 3516 763 3574 ut
779 3510 1007 3595 Wilamowitz,
1024 3508 1188 3573 Herakles
1204 3507 1243 3571 Ι2
1261 3512 1312 3586 99,
1336 3511 1394 3571 181

225 3623 314 3681 recte
337 3616 416 3679 mihi
437 3616 586 3681 videatur
602 3616 748 3681 iudicare
771 3616 829 3696 „E
847 3615 1040 3680 Duemmler
1058 3615 1117 3679 hat
1133 3614 1192 3679 auf
1207 3614 1269 3678 dcn
1289 3613 1397 3679 Vasen

225 3723 438 3806 Einwirkung
449 3724 643 3806 Epicharms
655 3730 818 3787 vermutet
825 3743 833 3798 ;
859 3723 917 3787 das
930 3721 1074 3787 schwebt
1086 3742 1143 3784 zur
1155 3720 1233 3784 Zeit
1248 3719 1395 3800 gbnzlich

225 3831 259 3894 in
283 3830 341 3894 der
357 3830 427 3894 Luf
440 3835 468 3894 .“
506 3831 651 3896 Fabulas
669 3832 754 3895 enirn
770 3830 1006 3913 Epicharmeas
1022 3827 1164 3891 Athenis
1181 3827 1214 3888 in
1231 3847 1328 3889 scena
1346 3846 1398 3888 ac-

223 3945 275 4002 tas
293 3959 364 4002 esse
381 3959 475 4002 nemo
494 3939 555 4001 erit
571 3939 627 4019 qni
643 3937 765 4018 credat,
783 3936 900 4000 deinde
914 3957 985 4017 quae
999 3933 1039 3997 de
1053 3933 1151 3997 choro
1166 3932 1398 3996 Thebanorum

223 4045 415 4109 Duemmler
450 4046 611 4109 coniectat
646 4044 686 4108 ab
711 4042 909 4126 Epicharmo
941 4042 975 4103 in
1006 4060 1136 4103 scenam
1159 4038 1320 4119 producto
1345 4059 1395 4101 me

223 4152 354 4234 quidem
376 4151 483 4215 iudice
507 4158 594 4215 stare
624 4170 689 4214 non
719 4154 865 4231 possunt,
899 4147 1053 4229 quoniam
1083 4144 1250 4209 comoediae
1277 4142 1395 4208 Siculae

226 4258 360 4322 chorum
395 4258 525 4323 omnino
557 4257 669 4321 deesse
702 4253 970 4319 verisimillimum
1006 4258 1064 4333 est,
1101 4274 1166 4334 qua
1191 4252 1231 4315 de
1255 4273 1290 4314 re
1314 4249 1400 4314 infra
