3240 4898
700 306 1042 368 -35-⁴

219 503 297 586 lung
321 500 379 565 der
395 499 546 586 Papyrus
569 499 724 562 Erzherz.
750 497 873 562 Rainer
896 497 928 564 V
952 502 967 562 1Ι
994 519 1073 580 sqq,
1103 497 1269 579 aptissime
1293 498 1393 580 assig-

221 629 303 672 nans
318 606 436 670 tabulae
452 596 617 680 Ὀδυσσεὺς
632 595 809 685 αὐτόμολος
823 605 999 687 inscripta.
1035 604 1097 669 Ubi
1113 603 1214 668 hebes
1230 603 1316 669 inter
1332 605 1397 669 alia

221 714 343 778 formas
376 712 558 777 homericos
592 709 675 798 [τῆλ’
700 702 870 795 ἅπεῙνθιόν
902 732 961 793 pro
993 709 1131 796 τηλόθεν
1163 712 1248 775 sicut
1277 719 1306 774 B
1331 714 1395 775 863

221 820 287 883 art
319 811 547 904 όξἏσκανίης,
580 817 740 900 siquidem
765 815 953 900 Gomperzii
983 818 1172 882 coniectura
1203 823 1293 882 recte
1325 838 1397 881 sese

222 925 331 1004 habet,
357 924 475 989 deinde
500 923 607 1007 πάγχυ
631 925 823 988 vocabulum
847 923 935 1006 quod
951 922 1069 988 Siculis
1093 924 1276 1006 alienum,
1267 947 1300 988 m
1316 922 1397 988 Iade

224 1054 299 1096 vero
324 1038 422 1115 atque
446 1033 537 1113 poesi
562 1033 654 1114 epica
677 1032 925 1096 usitatissimum
953 1031 1090 1096 ioculari
1121 1032 1293 1096 homericae
1326 1051 1397 1095 ora-

224 1140 321 1203 tionis
358 1139 531 1203 imitationi
570 1141 692 1220 optime
731 1139 904 1202 convenire
944 1139 1059 1204 statuit
1098 1135 1262 1222 Gomperz
1302 1161 1334 1222 p.
1368 1144 1396 1204 7.

223 1245 339 1310 Potuit
361 1245 446 1311 hanc
468 1247 651 1329 praesertim
679 1246 713 1309 in
745 1246 853 1309 animo
884 1244 1005 1309 habere
1038 1244 1181 1310 fabulam
1207 1244 1399 1311 Athenaeus

226 1354 265 1417 de
289 1353 426 1435 parodia
449 1350 547 1416 verba
562 1351 685 1416 faciens
702 1350 767 1418 XV
784 1354 847 1416 698
865 1373 897 1415 o:
921 1354 1068 1438 κέχρηται
1084 1351 1187 1419 δὲκαὶ
1204 1342 1400 1437 Ἐπίχαρμος

226 1451 242 1522 ό
266 1456 459 1544 Συρακόσιος
481 1455 514 1522 όν
536 1478 605 1522 τισι
635 1466 700 1523 τῶν
731 1456 902 1547 ὁραμάτων
933 1450 1104 1542 ἐπ’όλίγον.
1148 1458 1266 1542 Neque
1290 1466 1399 1524 tamen

226 1565 344 1630 desunt
368 1564 486 1648 quibus
502 1563 647 1629 Siculum
672 1565 721 1629 vel
745 1565 864 1647 saepius
888 1564 1025 1630 eundem
1051 1567 1083 1628 in
1108 1565 1238 1629 modum
1262 1565 1400 1630 ioculari

225 1673 328 1756 possit
359 1671 575 1736 demonstrari
609 1678 641 1736 et
672 1670 829 1735 nonnulla
860 1693 900 1736 ex
932 1672 1097 1755 epicorum
1135 1679 1306 1755 poetarum
1340 1694 1401 1737 usu

226 1778 330 1843 ascita
358 1777 522 1861 congessit
545 1777 672 1842 Lorenz
696 1800 727 1861 p.
756 1780 827 1841 134.
874 1777 1005 1843 Fabula
1031 1785 1136 1865 Τρῶες
1164 1780 1321 1863 inscripta
1349 1801 1402 1843 ex·

226 1882 317 1948 hibet
339 1883 379 1948 fr.
407 1886 470 1949 130

378 2024 457 2102 Ζεὺς
479 2017 567 2111 ἅναξ,
590 2022 638 2090 ἄν’
663 2018 744 2110 diupo
767 2030 865 2090 ναίων
882 2024 1064 2115 Ταργόρων
1087 2019 1250 2116 ἅγόννιφα

229 2190 363 2251 prorsus
386 2168 429 2232 ad
453 2168 635 2250 exemplum
659 2168 774 2237 Iliadis
799 2147 1052 2254 conformatum;
1078 2170 1117 2234 cf.
1142 2195 1170 2234 π
1193 2174 1257 2234 233

404 2310 465 2374 Ζεῦ
487 2303 547 2375 όνα
572 2309 748 2376 Δωδωναῖε
770 2312 954 2396 πελασγικέ,
979 2309 1097 2399 τηλόθι
1120 2316 1227 2378 ναίων.

234 2449 394 2539 Γάργαρον
432 2460 719 2517 commemoratum
759 2453 848 2517 vides
887 2460 923 2516 ut
962 2455 1096 2517 deorum
1136 2444 1246 2519 sedem
1282 2461 1315 2518 ’Ξ
1340 2458 1404 2519 292

231 2558 410 2645 (Γάργαρον
444 2551 555 2645 dapes)
595 2563 699 2643 e47;
732 2549 917 2664 όγόννιφος
956 2567 1062 2624 exstat
1096 2567 1128 2623 A
1153 2546 1234 2641 420,
1274 2569 1301 2624 Σ
1332 2563 1408 2625 186:

230 2665 307 2729 Non
342 2666 447 2729 minus
484 2666 566 2749 epici
602 2667 760 2731 sermonis
788 2667 907 2748 generi
943 2665 1093 2769 hexamet
1079 2672 1130 2730 ter
1144 2668 1406 2790 appropinquat

481 2861 553 2925 λαοὶ
577 2861 791 2942 τοξοχότωνες,
809 2853 949 2926 όκσόετε
972 2841 1153 2948 Σειρηνόων
1199 2893 1204 2899 ·
1274 2892 1278 2900 ·

233 3002 320 3084 quod
338 3001 461 3067 Sirenis
477 3003 667 3086 Epicharmi
688 3003 831 3101 fabulae
824 3009 893 3067 rect
895 3021 912 3067 e
930 3011 1018 3068 certe
1034 2977 1191 3069 adscribit
1178 3011 1247 3090 tu'r3
1267 3002 1407 3069 Schnei-

234 3108 347 3194 dewin,
365 3131 469 3174 exere.
487 3110 558 3174 erit
573 3109 663 3176 VIII
676 3113 717 3175 53
737 3093 962 3190 ᾓτοξόχίνωνες
977 3111 1018 3174 ad
1034 3099 1247 3203 Homericum
1260 3108 1405 3218 χαλκοχί-

233 3238 330 3291 τωνες
355 3223 406 3280 sat
408 3217 434 3280 is
393 3216 579 3280 taudact
566 3223 615 3280 ter
640 3216 748 3280 fictum
780 3217 922 3282 arcubus
954 3213 1114 3283 armatos
1130 3190 1216 3283 videt
1202 3218 1266 3282 tur
1270 3214 1407 3300 siguifi-

234 3322 339 3386 ea.“re
388 3322 441 3386 De
477 3329 528 3387 eet
531 3324 593 3386 eris
633 3323 798 3387 vocabulis
837 3325 925 3406 apud
963 3316 1203 3437 Epicharmum
1215 3314 1335 3444 epicis
1366 3323 1416 3428 e.f²

235 3427 363 3492 Lorenz
390 3431 453 3492 134
478 3435 509 3492 et
534 3431 609 3492 289.
