3188 4882
776 704 805 770 l.

294 886 499 948 (¹ornicoruur
534 884 720 948 Atticorum
757 882 876 945 fabulae
911 880 1060 944 similiter
1091 885 1193 960 atque
1226 877 1410 942 comoedia

206 992 329 1055 ltorira
361 992 507 1055 actiones
543 999 677 1073 captare
710 991 817 1055 solent
847 988 1061 1071 simpliciores
1091 986 1241 1068 vilesque
1278 986 1410 1068 quales

205 1098 378 1161 cotidianae
403 1100 477 1161 ritae
508 1121 586 1162 usus
619 1097 788 1162 offerebat.
837 1093 1130 1177 Phlyacographia·
1164 1092 1256 1156 euim
1293 1093 1408 1157 cardo

205 1206 368 1287 praecipue
394 1205 522 1268 ridetur
546 1206 669 1269 versari
695 1208 725 1267 in
751 1203 917 1267 erroribus
941 1203 1091 1284 vitiisque
1117 1221 1189 1282 quae
1219 1201 1255 1263 in
1290 1200 1407 1265 homi-

206 1332 282 1373 num
309 1310 452 1373 moribus
477 1312 582 1393 posita
607 1317 682 1375 suut
707 1310 905 1388 deridendis,
931 1330 1004 1372 cum
1026 1307 1173 1394 plurimae
1190 1328 1277 1389 quas
1295 1314 1406 1373 notas

207 1416 365 1479 habemus
400 1418 536 1498 pictura
574 1418 760 1481 vasculares
797 1415 982 1479 huiusmodi
1014 1420 1253 1497 repraesentare
1289 1415 1405 1480 velint

208 1545 322 1585 scenas
339 1523 499 1587 ioculares
513 1525 744 1607 (Heytlemanu
758 1547 788 1606 p.
804 1523 893 1605 268).
919 1522 971 1586 De
989 1522 1149 1586 comoedia
1164 1520 1404 1604 Epicharmea

208 1629 336 1691 dillicile
362 1630 450 1692 (111111
469 1639 516 1693 cst
534 1652 703 1713 quousque
720 1631 782 1694 hoc
798 1630 926 1693 iocandi
944 1650 1063 1709 genere
1080 1649 1140 1693 usa
1157 1629 1207 1708 sit,
1232 1630 1402 1710 quoniam

208 1744 275 1800 tarn
301 1737 418 1813 exigua
442 1736 481 1799 ad
508 1758 567 1801 nos
591 1744 811 1819 praeterierunt
835 1743 933 1820 pratae
951 1735 1053 1800 Siculi
1078 1736 1270 1819 fragmenta.
1311 1733 1401 1818 Qui·

209 1842 270 1905 11110
295 1843 326 1904 111
352 1843 496 1924 reliquiis
521 1865 586 1908 non
612 1844 730 1907 desunt
754 1851 863 1907 tamen
889 1844 963 1907 talis
988 1843 1221 1907 ludificationis
1238 1843 1397 1934 uestigia,

210 1949 472 2030 frequentissima
490 1956 565 2013 sunt
581 1951 614 2012 in
630 1950 790 2014 comoedia
807 1948 921 2012 Attica
937 1951 1082 2032 antiqua.
1119 1949 1226 2017 Velim
1244 1949 1397 2015 animum

210 2055 364 2118 attendas
388 2054 430 2117 ad
455 2077 568 2119 scenas
592 2056 665 2120 illas
689 2056 832 2120 ludicras
856 2057 889 2119 in
907 2055 1026 2120 fabulis
1044 2055 1297 2139 Aristophaueis
1313 2064 1399 2138 post

212 2161 398 2242 parahasiru
423 2162 512 2239 sitas,
546 2163 585 2225 de
611 2163 728 2244 ‹pribus
760 2164 968 2246 sagacissime
1001 2164 1068 2246 egit
1090 2162 1334 2245 Poppelreuter
1359 2165 1396 2227 in

213 2266 452 2330 dissertationis
486 2268 525 2331 de
558 2269 724 2333 0001016111
757 2268 877 2332 Atticae
908 2270 1096 2351 primordiis
1129 2269 1253 2354 (Berol.
1288 2270 1397 2354 1893)

213 2372 376 2454 particula
401 2374 505 2437 altera
528 2397 558 2456 p.
585 2379 626 2438 23
653 2398 721 2458 sqq.
770 2373 832 2438 Cui
857 2376 1024 2440 comaediae
1049 2377 1137 2459 parti
1169 2375 1201 2438 id
1234 2381 1282 2439 est
1314 2399 1394 2459 pro-

214 2480 321 2561 prium
342 2487 378 2542 ut
394 2480 559 2543 nonnullae
576 2503 724 2563 personae¹
742 2481 855 2564 quales
871 2482 903 2544 in
921 2482 1006 2545 ludis
1023 2482 1235 2564 popularibus
1252 2483 1396 2548 introire

214 2586 322 2649 solent
345 2585 458 2649 ordine
484 2587 589 2651 soluto
614 2588 834 2669 proferantur.
871 2587 987 2652 Artem
1010 2589 1256 2671 mimologorum
1274 2610 1395 2671 sapere

215 2692 337 2757 hancce
374 2692 491 2756 fabulae
527 2694 736 2758 instituendae
772 2696 942 2776 rationem,
980 2716 1051 2777 quae
1086 2697 1120 2759 in
1156 2695 1394 2778 Aristophanis

216 2798 487 2863 Acharuensibus
519 2800 606 2864 Pace
643 2800 772 2865 Avibus
806 2801 1043 2865 Ecclesiazusis
1076 2802 1174 2866 Pluto
1210 2800 1247 2866 fit
1282 2801 1392 2882 obvia,

217 2906 289 2970 luce
322 2905 441 2970 clarius
473 2913 536 2988 est3
572 2928 688 2989 nempe
713 2908 854 2972 Athenis
887 2928 1015 2990 quoque
1046 2909 1161 2971 mimos
1192 2908 1325 2992 γελοίιον
1357 2910 1393 2972 in

217 3014 343 3078 deliciis
355 3012 455 3077 fuisse
468 3013 563 3078 facile
577 3015 737 3080 concedes
750 3014 804 3097 (01.
818 3014 922 3078 Reich
935 3015 953 3077 Ι
968 3017 1031 3078 313
1047 3037 1093 3097 sq.
1110 3018 1173 3080 686
1188 3018 1281 3099 sqq).
1308 3014 1391 3098 Quae

218 3142 367 3204 persona
393 3121 544 3185 scurriles
569 3122 610 3185 ab
634 3121 858 3204 Aristophane
883 3121 1066 3206 illustratae,
1092 3123 1217 3186 scilicet
1240 3122 1392 3205 agricolae

220 3229 306 3294 servi
332 3229 518 3294 venditores
549 3228 774 3312 fabricatores,
806 3230 961 3312 proximae
992 3228 1031 3293 iis
1062 3229 1214 3294 videntur
1245 3235 1393 3312 cognatae

220 3360 303 3420 quas
327 3337 414 3421 apud
438 3337 618 3402 Dorienses
641 3338 674 3401 in
699 3360 760 3402 usu
783 3337 884 3402 fuisse
910 3337 1144 3401 demonstravit
1159 3335 1327 3418 Zielinski,
1352 3335 1393 3399 de

221 3445 388 3510 comedia
413 3445 543 3510 Doricae
579 3447 727 3528 personis
762 3444 913 3529 (Quaest.
939 3466 1020 3509 com.
1042 3448 1083 3509 37
1107 3443 1202 3527 sqq).
1251 3442 1392 3508 Omnino

222 3573 337 3617 scenas
373 3554 452 3617 istas
489 3553 670 3637 episodicas
706 3553 918 3618 Doriensium
953 3552 1039 3617 ludis
1078 3552 1236 3634 originem
1276 3551 1394 3614 debere

222 3661 489 3725 coniectaverunt
528 3662 593 3724 iam
632 3659 801 3744 Zielinski,
849 3658 1052 3743 Gliederuug
1091 3659 1148 3722 der
1186 3658 1395 3722 altattischen

224 3767 408 3832 Komoedie
443 3790 473 3850 p.
510 3771 584 3849 244,
621 3767 758 3849 Zacher,
794 3765 1064 3830 Wochenschrift
1095 3764 1116 3827 f.
1147 3764 1245 3828 klass.
1275 3763 1394 3828 Philol.

228 3876 311 3939 1886
336 3897 367 3957 p.
395 3876 476 3939 1611
504 3896 561 3956 sq,
586 3874 825 3956 Poppelreuter
849 3895 881 3955 p.
906 3878 949 3936 44
974 3894 1021 3954 sq.
1056 3871 1188 3935 Etenim
1212 3891 1277 3933 non
1302 3870 1397 3934 abest

225 3981 367 4063 suspicio
392 3982 469 4063 quin
494 4000 598 4043 scenae
623 3979 662 4042 de
687 3979 805 4060 quibus
829 3979 937 4063 agitur
960 3976 1097 4040 ludicrae
1113 3981 1281 4055 tamquam
1297 3975 1396 4037 inter-
