3240 4898
715 276 915 336 ..7-

227 467 343 530 dicam.
390 462 532 530 Accedit
567 465 655 547 quod
689 465 878 547 Epictetum
915 486 1066 530 vasorum
1101 467 1268 549 pictorem,
1304 489 1400 550 quem

227 573 416 656 Epicharmi
451 573 592 636 inventis
616 593 709 635 usum
734 593 804 636 esse
828 571 1021 636 Duemmler
1044 573 1233 655 arbitratur,
1270 580 1400 656 poetam

227 680 372 744 Siculum
396 685 503 744 aetate
529 678 721 742 antecedere
746 698 858 742 omnes
882 678 1077 765 archaeologi
1102 679 1198 744 hodie
1222 680 1301 744 mihi
1317 680 1400 744 affir-

227 785 407 869 mabunt.1)

318 891 400 956 Cum
435 913 511 956 vero
547 898 758 956 monumenta
792 913 984 974 responsum
1019 892 1113 957 nobis
1149 914 1214 957 non
1248 893 1399 974 reddant,

226 1001 364 1081 quaestio
389 999 510 1081 pendet
542 1006 613 1064 tota
643 999 710 1063 fere
736 998 970 1083 afragmentis
1000 1006 1171 1081 poctarum
1203 1002 1399 1065 comicorum

226 1126 298 1187 quae
323 1105 365 1169 ad
381 1112 527 1170 nostram
543 1112 685 1170 aetatem
701 1112 920 1187 pervenerunt
937 1106 1125 1188 diligentius
1141 1107 1398 1190 perscrutandis

225 1211 470 1294 inquirentibus
494 1212 616 1277 hancce
640 1234 709 1276 rem
733 1214 891 1295 optimum
914 1221 1033 1295 praesto
1059 1221 1109 1278 est
1132 1215 1397 1296 instrumentum,

225 1319 378 1401 quoniam
411 1316 574 1403 Georgius
598 1319 721 1384 Kaibel
751 1319 941 1401 Epicharmi
974 1320 1128 1402 reliquias
1160 1321 1290 1405 egregie
1314 1342 1398 1385 com·

225 1427 458 1508 posuitatque
481 1424 704 1510 illustravit.²)
751 1426 870 1508 Itaque
901 1426 1035 1491 consilio
1065 1435 1244 1492 commotus
1268 1426 1399 1491 Alfredi

226 1532 353 1596 Koerte
378 1533 485 1596 omnia
510 1533 661 1615 colligere
684 1533 763 1597 mibi
785 1533 941 1616 proposui
957 1533 1147 1616 Epicharmi
1171 1535 1307 1616 vestigia
1327 1556 1398 1616 quae

225 1660 327 1721 usque
352 1639 504 1703 adhunc
540 1640 625 1704 diem
660 1640 693 1703 in
728 1641 924 1704 comicorum
948 1639 1136 1705 Atticorum
1171 1641 1325 1724 operibus
1357 1641 1398 1705 ab

224 1746 408 1810 hominibus
433 1746 538 1810 doctis
561 1748 736 1813 observata
761 1747 834 1825 sint,
860 1768 995 1829 sperans
1020 1747 1089 1811 fore
1113 1754 1150 1811 ut
1165 1769 1284 1830 augere
1302 1749 1398 1812 etiarn

224 1852 463 1934 quodammodo
501 1854 667 1936 contingat
694 1855 952 1918 testimoniorum
981 1876 1160 1918 numerum.
1209 1853 1399 1918 Cavendum

224 1958 329 2021 solum
365 1966 414 2023 est
448 1982 489 2024 ne
513 1960 703 2041 Epicharmi
737 1960 926 2024 auctoritati
950 1981 989 2024 ea
1020 1982 1150 2043 quoque
1181 1960 1398 2025 attribuamus

224 2065 386 2130 elementa
402 2067 524 2130 Dorica
546 2068 579 2129 in
597 2067 754 2132 comoedia
769 2065 884 2130 Attica
901 2067 1004 2146 obvia,
1030 2089 1102 2150 quac
1120 2067 1160 2131 ab
1178 2075 1249 2131 arte
1267 2067 1397 2150 quidem

225 2177 330 2253 poetae
356 2171 456 2237 Siculi
487 2173 575 2237 haud
604 2174 711 2238 aliena
735 2194 816 2254 esse,
852 2173 910 2238 sed
935 2195 952 2238 e
977 2175 1139 2238 communi
1169 2175 1277 2256 potius
1308 2173 1396 2238 fonte

224 2275 358 2342 fluxisse
394 2280 554 2347 videntur.
614 2278 824 2363 Quapropter
861 2281 1000 2363 primum
1032 2301 1165 2363 operam
1196 2281 1271 2346 dedi
1299 2287 1335 2345 ut
1360 2302 1398 2344 ea

223 2405 296 2466 quae
321 2385 406 2450 ludis
431 2385 614 2451 Siculorum
640 2393 673 2450 et
696 2387 856 2450 Italorum
888 2408 960 2451 cum
992 2387 1152 2452 comoedia
1174 2386 1288 2451 Attica
1312 2408 1396 2452 com-

224 2492 334 2556 munia
346 2492 477 2572 fuerint,
491 2494 614 2558 scilicet
628 2515 668 2558 ex
680 2495 798 2577 priscis
811 2516 996 2558 scurrarum
1009 2495 1089 2560 iocis
1098 2495 1226 2576 hausta,
1240 2500 1397 2578 quantum

223 2599 295 2662 fieri
317 2607 429 2681 posset
452 2600 690 2666 adumbrarem.
730 2601 847 2666 Altero
872 2602 979 2684 capite
1004 2601 1228 2666 demonstrare
1253 2601 1396 2666 conabor

222 2705 302 2787 quid
325 2714 432 2788 poetae
456 2707 569 2772 comici
593 2705 699 2772 Attici
728 2729 767 2772 ex
790 2707 1015 2791 Epicharmeis
1047 2707 1165 2773 fabulis
1197 2708 1239 2773 ad
1270 2709 1397 2772 imitan-

223 2811 301 2875 dum
326 2814 387 2876 sibi
412 2815 618 2897 sumpserint.

312 3928 331 3993 1)
351 3928 441 3982 Movit
456 3928 510 3980 iam
530 3927 687 3996 scrupulum
705 3926 881 3994 Studniczka,
900 3928 1083 4008 Archaeolcg.
1098 3927 1243 3983 Jahrbuch
1265 3929 1306 3983 VI
1326 3932 1393 3985 1891

233 4038 248 4069 r.
268 4020 284 4071 2
305 4020 327 4079 1,
348 4020 361 4070 1
385 4059 389 4068 .

221 4035 232 4086 Ι
286 4019 330 4177 6²)
349 4019 522 4160 Obmicorum
541 4123 693 4176 graecorum
714 4105 868 4176 fragmenta
887 4106 928 4160 ed.
943 4106 976 4161 G.
990 4105 1099 4161 Kaibel.
1129 4107 1191 4162 Vol.
1211 4107 1227 4161 1
1246 4107 1394 4162 fasciculus

220 4195 295 4264 prior
314 4196 498 4264 (Doriensium
517 4195 660 4263 comoedia,
681 4195 767 4263 mimi,
786 4196 935 4264 phlyaces).
973 4195 1063 4250 Berol.
1085 4198 1162 4253 1899.
