3240 4898
700 321 920 381 -17-

223 513 322 585 mezzi
355 513 515 576 italorum
551 511 669 576 fabulae
702 517 888 575 contextum
922 532 960 575 ac
990 508 1166 574 firmiorem
1200 516 1395 574 structuram

223 621 395 685 turbantes
412 620 597 702 pedestrem
614 620 707 682 initio
726 639 908 682 sermonem
924 618 1139 700 praestiterint
1155 618 1239 682 sicut
1254 617 1393 681 Dorien-

223 728 308 789 sium
346 726 415 790 ludi
453 727 582 789 mimici.
645 725 887 810 (Wilamovvitz,
925 729 1096 788 comment.
1133 731 1225 790 metr.
1259 724 1297 787 ΙΙ
1329 726 1396 805 33.)

224 833 310 896 Nam
335 834 499 898 dicelistas
515 833 841 898 Lacedaemoniorum
864 831 1031 896 humiliter
1053 832 1235 895 ioculantes
1251 830 1396 913 pedestri

223 961 301 1003 usos
325 962 396 1004 esse
428 941 575 1004 oratione
604 946 805 1022 compertum
837 939 993 1003 habemus
1025 960 1064 1002 ex
1087 936 1168 1001 Ath.
1192 937 1281 1003 XIV
1306 940 1395 1001 orla

225 1043 372 1128 ἐμιμεῖτο
395 1045 458 1134 yo'p
482 1071 533 1123 τις
556 1044 589 1111 ἐν
612 1038 735 1113 εὐτελεῖ
757 1054 795 1132 τῇ
819 1045 901 1122 λέξει
924 1044 1120 1122 κλέιιιονιάς
1147 1069 1236 1121 τινας
1265 1040 1396 1129 ὀπώραν

223 1154 289 1217 κτλ.
315 1161 413 1236 atque
439 1155 551 1219 eadem
576 1176 628 1219 res
645 1154 744 1217 estin
761 1153 997 1236 autocabdalis,
1022 1153 1061 1217 de
1079 1153 1195 1236 quibus
1211 1153 1280 1217 haec
1297 1153 1396 1217 habet

224 1258 306 1325 Ath.
346 1261 435 1327 XIV
476 1265 514 1326 15
555 1259 585 1325 οἱ
625 1252 861 1344 αὐτοκάβδαλοι
899 1258 1097 1341 καλούμενοι,
1138 1257 1396 1347 ἐστεφανωμένοι

225 1369 323 1454 κιττῷ
346 1369 456 1455 σχέδην
480 1366 647 1454 ἐπέραινον
671 1366 792 1454 ῥήσεις.
816 1361 949 1452 λ’σιερον
972 1367 1005 1431 δὲ
1028 1364 1139 1449 ἴαμβοι
1157 1358 1396 1452 ὠνομάσθησαν

226 1467 321 1540 οὗτοί
349 1500 385 1540 ιε
414 1477 468 1539 καὶ
493 1474 532 1540 τὰ
557 1474 723 1562 ποιήματα
747 1466 865 1541 αὐτῶν.
912 1475 1012 1540 Haud
1044 1476 1140 1539 aliter
1169 1475 1324 1558 phlyaces
1356 1497 1395 1538 ex

225 1590 370 1666 tempore
407 1585 512 1667 egisse
548 1583 677 1665 optimis
713 1582 895 1646 rationibus
939 1582 1107 1664 probabile
1148 1581 1225 1645 fecit
1260 1581 1396 1647 Voelker

222 1689 434 1769 (Rhinthonis
452 1690 642 1772 fragmenta,
663 1689 749 1758 Diss.
767 1689 844 1756 Hal.
865 1692 947 1753 1881
966 1712 996 1771 p.
1015 1691 1057 1771 8).
1099 1688 1267 1753 Comoedia
1285 1686 1395 1753 Sicula

222 1797 302 1878 quin
326 1797 474 1860 similiter
504 1818 543 1860 ex
573 1803 643 1860 arte
675 1795 973 1881 autosqhediastica
1003 1796 1107 1877 prima
1137 1796 1261 1877 ceperit
1290 1796 1394 1859 incre-

222 1910 334 1966 menta
365 1903 418 1966 vix
448 1910 558 1985 potest
588 1903 717 1986 ambigi,
750 1903 826 1984 quia
858 1902 1075 1984 Epicharmus
1107 1902 1236 1966 demum
1267 1900 1394 1966 fabulas

222 2009 342 2074 litteris
372 2009 578 2074 mandavisse
613 2009 752 2073 videtur.
810 2008 1051 2090 (Wilamowitz,
1083 2008 1247 2073 Herakles
1277 2010 1296 2073 Ι
1327 2013 1394 2091 52.)

225 2112 365 2197 Quando
390 2138 466 2180 vero
495 2119 528 2180 in
553 2114 667 2181 Attica
695 2117 843 2180 trimeter
871 2116 1029 2180 iambicus
1058 2137 1228 2180 scenarum
1256 2117 1395 2181 ludicra-

224 2244 295 2284 rum
334 2223 457 2305 potitus
496 2225 547 2304 sit,
586 2245 763 2306 numquam
801 2223 870 2287 fore
910 2229 946 2286 ut
981 2224 1216 2306 perspiciamus
1253 2224 1396 2288 libenter

222 2328 484 2411 Poppelreutero
508 2330 661 2394 concedo.

313 2435 520 2501 Conveniunt
537 2437 654 2501 deinde
672 2459 743 2500 cum
764 2437 974 2502 Doriensium
990 2437 1075 2501 ludis
1090 2459 1194 2502 scenae
1208 2437 1391 2501 fabularum

223 2542 411 2607 Atticarum
452 2545 624 2627 episodicae
659 2545 692 2607 in
727 2545 807 2626 ipsis
842 2543 941 2608 rebus
976 2566 1057 2626 quas
1087 2544 1228 2609 ludibrio
1259 2544 1392 2613 habent.

221 2649 316 2714 Inter
340 2648 521 2732 σκώμματα
544 2651 600 2715 illa
623 2649 789 2736 ιιεγαρικοὶ,
815 2651 932 2734 quibus
955 2650 1175 2716 refertissima
1193 2651 1299 2716 solent
1322 2675 1394 2717 esse

222 2762 334 2839 partes
358 2759 392 2821 in
416 2758 569 2840 operibus
594 2757 847 2841 Aristophaneis
870 2757 1016 2840 ludicrae,
1044 2759 1263 2842 principatum
1287 2767 1324 2824 ut
1347 2761 1394 2824 ita

222 2865 329 2928 dicam
368 2871 458 2928 tenet
497 2887 594 2930 scena
633 2887 730 2949 quam
771 2887 869 2947 supra
907 2866 1083 2929 memoravi
1122 2865 1393 2931 Acharnensium.

221 2970 305 3055 Quae
329 2972 510 3056 megaricus
533 2973 587 3036 ille
613 2972 763 3037 venditor
785 2973 873 3037 fatur
897 2995 969 3037 cum
994 2973 1036 3037 ad
1059 2972 1220 3037 fallaciam
1250 2975 1392 3039 animum

221 3079 358 3161 appellit
381 3079 561 3162 puellarum
584 3081 618 3143 in
642 3101 759 3162 porcos
782 3080 1013 3147 mutandarum
1037 3103 1065 3146 v.
1092 3083 1155 3144 138

434 3221 503 3293 ἀλλ’
527 3228 596 3295 ἔστι
620 3229 681 3316 χείρ
703 3254 761 3312 μοι
783 3230 940 3315 μεγαρικοί
965 3254 1015 3307 τις
1036 3228 1173 3312 μαχανά,

220 3379 264 3443 ad
287 3382 393 3445 iocum
419 3387 566 3464 spectare
591 3381 742 3445 videntur
771 3382 961 3446 scurrilibus
992 3382 1076 3445 ludis
1107 3383 1286 3464 antiquitus
1318 3405 1391 3467 pro-

219 3486 346 3568 batum3
385 3487 581 3570 profitentur
619 3489 704 3551 hanc
744 3488 994 3569 explicationem
1035 3487 1243 3567 Studniczka,
1285 3490 1387 3553 Arch.

219 3594 340 3658 Jahrb.
364 3593 417 3661 VI
441 3597 501 3659 261
535 3600 568 3658 et
592 3594 634 3660 A.
659 3595 786 3677 Koerte‚
818 3594 861 3658 ib.
888 3593 979 3660 VHI
1003 3598 1055 3659 65.
1103 3595 1235 3660 Etenim
1267 3595 1389 3660 Phere-

221 3701 320 3764 cratis
345 3722 473 3764 versum
498 3701 557 3784 frg.
579 3703 639 3765 102
665 3693 709 3776 ιὺς
732 3692 802 3781 οὐχὶ
825 3701 914 3764 τουτὶ
939 3699 1052 3787 ῥύγχος
1075 3693 1214 3782 αἰεχνιῦς
1237 3693 1312 3766 ἐσθ’
1336 3695 1391 3779 ἑός

221 3807 357 3872 similem
383 3807 565 3889 significare
590 3829 686 3890 posse
709 3808 858 3873 fraudem
882 3807 1066 3873 observavit
1088 3811 1152 3872 iam
1170 3809 1265 3874 Kock
1281 3810 1300 3873 Ι
1319 3814 1391 3875 173.

222 3912 308 3997 Quin
334 3914 399 3979 doli
423 3914 609 3979 huiusmodi
633 3915 780 3979 crebrius
810 3915 930 3997 prolati
962 3918 1027 3980 sint
1056 3917 1090 3980 in
1121 3916 1279 3981 comoedia
1310 3918 1390 3981 anti·

221 4022 378 4102 quissima
409 4043 475 4085 non
507 4021 630 4102 dubito,
662 4043 767 4104 neque
793 4020 999 4088 Studniczkae
1023 4021 1079 4106 (Α.
1104 4021 1139 4086 J.
1163 4023 1215 4089 VI
1240 4026 1303 4087 258
1329 4028 1390 4107 sq.)

220 4128 405 4209 opinionem
441 4150 499 4210 per
535 4150 570 4191 se
604 4128 817 4194 refellendam
854 4151 925 4194 esse
960 4151 1087 4212 censeo,
1124 4151 1195 4194 cum
1230 4130 1390 4213 picturam

220 4239 343 4315 paterae
377 4234 484 4298 atticae
516 4234 685 4300 cuiusdam
710 4233 803 4300 Oaere
835 4244 985 4319 repertae,
1010 4237 1154 4319 Epicteti
1186 4243 1288 4301 artem
1319 4238 1390 4319 pin-

1322 4362 1339 4412 2
