3240 4898
706 306 926 365 -14-

229 497 337 564 taedet.
374 496 610 560 Refertissimae
629 502 722 561 erant
739 497 929 562 scurrilibus
947 499 1105 563 eiusmodi
1121 499 1266 564 dicteriis
1282 499 1402 564 fabulae

230 605 425 668 comicorum
457 601 643 667 Atticorum
677 608 829 690 φορτικαὶ
863 602 917 690 (cf.
948 605 1067 670 Koerte
1100 606 1120 670 l.
1147 629 1173 671 0.
1201 607 1266 692 65),
1299 629 1401 690 genus

230 710 318 793 quod
342 711 550 778 Doriensium
574 711 654 774 iocis
678 711 805 793 frigidis
828 713 1013 795 ineptisque
1039 713 1132 778 affine
1161 713 1261 777 fuisse
1285 713 1403 797 proba-

229 818 294 881 bile
328 823 387 881 est,
433 817 513 899 Ipsa
545 815 665 904 φόρτος
695 840 758 882 vox
790 826 968 902 usurpatur
997 821 1161 902 praecipue
1192 820 1232 885 de
1263 820 1402 883 inficetis

230 925 402 988 verborum
425 924 511 988 ludis
536 924 711 1007 (Meineke,
737 926 810 989 hist.
837 927 907 989 crit.
933 929 997 990 922
1023 929 1084 1009 00.)
1110 933 1143 990 01
1170 928 1256 990 inter
1284 919 1403 1011 ἄνδρας

231 1028 404 1119 (00000κο10
427 1032 540 1114 000100
564 1030 804 1114 Aristophanes
828 1034 1021 1115 perstrinxit
1050 1034 1083 1097 in
1106 1034 1259 1099 Nubibus
1284 1057 1312 1097 v.
1338 1038 1402 1098 524

229 1139 351 1203 insulse
382 1139 562 1203 ioculantes
594 1138 734 1202 habetur
766 1138 956 1222 Archippus
989 1139 1040 1222 (cf.
1073 1140 1174 1205 schol.
1207 1140 1265 1209 Ar.
1300 1141 1401 1224 Vesp.

231 1245 319 1330 550),
345 1267 441 1328 quem
465 1246 562 1308 nimie
587 1267 626 1308 ex
651 1245 850 1327 amphibolia
873 1246 990 1309 lusisse
1016 1247 1149 1328 001000ος
1173 1248 1207 1311 10
1230 1248 1309 1330 ipsis
1331 1268 1402 1329 quae

230 1358 406 1434 supersunt
435 1359 540 1434 poetae
571 1352 762 1435 fragmentis
794 1352 976 1415 obsoletum
1008 1353 1094 1417 hunc
1128 1353 1272 1418 iocorum
1308 1376 1402 1418 usum

229 1458 435 1540 investigavit
463 1457 594 1536 Kaibel,
626 1458 769 1521 Hermes
793 1458 919 1524 XXIV
944 1463 996 1528 49.
1045 1459 1221 1524 Cohaerent
1250 1460 1403 1524 nimirum

229 1565 383 1646 megarici
412 1585 493 1646 quos
525 1565 676 1629 dicebant
707 1566 769 1628 ioci
801 1587 873 1629 cum
904 1566 1099 1630 histrionum
1130 1574 1247 1632 ornatu
1277 1567 1401 1650 phallo-

229 1670 364 1753 phorico
382 1677 415 1734 et
435 1671 597 1736 obscoenis
613 1672 759 1753 gestibus
776 1671 817 1735 ab
834 1671 896 1736 hoc
913 1673 1078 1737 comoedia
1096 1695 1214 1756 genere
1232 1674 1402 1756 dilectis⁵);

230 1798 322 1842 novae
347 1777 478 1860 quidem
500 1779 676 1861 comoediae,
701 1801 773 1861 quae
791 1779 959 1844 scurrilem
977 1781 1128 1844 amictum
1146 1782 1276 1866 amovit,
1301 1781 1402 1845 ambi·

230 1906 301 1966 guae
326 1906 454 1967 quoque
478 1885 605 1950 facetiae
629 1885 698 1949 fere
722 1886 836 1950 alienae
862 1891 946 1953 sunt.
981 1885 1046 1951 Sed
1070 1888 1299 1970 ambiguitates
1319 1889 1400 1952 istas

230 2012 265 2054 00
290 2013 366 2055 vera
391 2013 429 2054 ex
452 1993 568 2075 priscis
592 1992 837 2076 Megarensium
860 1993 947 2057 ludis
979 1991 1110 2058 fluxisse
1143 1996 1220 2058 licet
1252 1995 1402 2077 credere;

230 2099 412 2180 exemplum
437 2099 522 2163 enim
545 2099 623 2163 mihi
651 2105 771 2182 praesto
804 2107 854 2164 est
885 2101 1050 2164 comoediae
1082 2123 1155 2165 cum
1178 2099 1300 2167 Atticae
1331 2107 1402 2165 tum

231 2204 349 2270 Siculae
385 2207 561 2288 proprium.
620 2207 738 2270 Eidem
768 2214 855 2271 certe
887 2213 986 2290 01000
1018 2209 1148 2291 ineptiae
1172 2209 1268 2272 modo
1293 2208 1400 2272 allatae

229 2313 340 2395 generi
365 2313 610 2378 adnumeranda
634 2321 684 2378 est
704 2324 848 2400 χοῖρος
873 2336 932 2379 vox
949 2337 1020 2397 quae
1038 2322 1070 2379 et
1086 2336 1220 2398 porcum
1239 2315 1402 2400 significat

230 2425 263 2484 01
285 2419 472 2502 pudendum
496 2421 663 2485 muliebre.
705 2421 835 2503 Duplex
860 2421 912 2485 hic
937 2443 1015 2485 usus
1038 2423 1203 2486 invenitur
1226 2424 1259 2485 in
1276 2421 1402 2487 Achar-

229 2527 377 2590 nensium
416 2549 513 2592 00000
547 2528 747 2611 lepidissima
781 2551 809 2595 v,
848 2531 1043 2606 rae-835,
1084 2550 1149 2611 qua
1187 2534 1402 2594 mercatorem

229 2633 432 2715 Megaricum
449 2634 533 2699 filias
550 2635 610 2699 sub
627 2656 799 2717 porcorum
817 2637 924 2717 specie
940 2635 1183 2700 venditaturum
1199 2638 1231 2699 in
1249 2636 1400 2719 ambiguo

229 2740 343 2805 ludere
366 2740 619 2823 intelligeremus
645 2742 772 2805 etiamsi
796 2741 947 2827 scholia⁶)
965 2743 1126 2812 deessent.
1162 2742 1266 2806 Ludis
1284 2742 1400 2807 scurri-

230 2847 315 2912 libus
346 2847 544 2930 peculiarem
577 2847 678 2912 fuisse
709 2848 831 2912 hancce
863 2848 1011 2913 vocabuli
1037 2859 1146 2934 χοῖρος
1173 2850 1237 2912 vim
1266 2848 1402 2913 efficitur

230 2954 368 3018 fortasse
393 2975 432 3017 ex
456 2977 484 3021 v.
511 2957 572 3019 767

319 3095 408 3160 00001
432 3100 464 3160 τί
487 3083 523 3183 ἧν
546 3094 583 3162 ud
606 3105 755 3182 πρᾶγμας
782 3136 824 3144 -
845 3107 955 3183 χοῖρος
977 3097 1029 3161 ναὶ
1054 3101 1128 3164 Δία.

323 3240 360 3249 -
386 3206 419 3266 τί
441 3203 543 3287 λέγεις
566 3202 621 3283 000
644 3202 777 3290 ποδαπὴ
797 3215 906 3289 χοῖρος
929 3198 998 3289 ido·
1021 3243 1064 3250 —
1087 3203 1311 3290 μεμαρικά.

231 3336 389 3420 siquidem
413 3336 465 3401 hic
490 3360 584 3402 usum
607 3338 863 3421 metaphoricum
888 3344 975 3402 00010
1000 3339 1160 3422 perspicio
1178 3362 1271 3425 quem
1290 3341 1401 3406 adurn-

229 3444 336 3507 bravit
359 3444 586 3526 Wilamowitz,
611 3445 752 3510 Hermes
777 3444 833 3508 IX
858 3449 920 3510 319
947 3468 993 3529 00.
1020 3452 1053 3510 01
1076 3447 1155 3512 Eur.
1180 3448 1262 3512 Her.
1281 3446 1327 3511 ¹1
1350 3452 1401 3529 52,

233 3549 313 3636 10.⁷)
353 3548 418 3616 sed
442 3573 589 3634 premere
613 3552 675 3616 hoc
698 3553 809 3620 nolim.
848 3551 987 3618 Maioris
1011 3554 1099 3619 haud
1124 3555 1221 3620 dubie
1245 3558 1401 3620 momenti

319 3712 339 3778 ὗ)
360 3710 398 3764 cf.
418 3710 516 3779 Eupol.
536 3710 588 3780 frg.
609 3713 669 3778 244,
691 3712 858 3779 explicatum
878 3729 894 3764 a
913 3702 1133 3781 Wilamowitzio‚
1156 3714 1274 3767 Hermes
1289 3714 1334 3767 IX
1350 3717 1403 3768 328

318 3802 339 3867 ⁶)
360 3801 449 3855 Schol.
469 3819 493 3853 v.
519 3802 580 3867 773,
610 3803 670 3867 781,
700 3802 760 3868 792,
789 3803 848 3855 794.
886 3801 960 3855 Num
990 3803 1018 3855 in
1047 3803 1239 3871 Aristophanis
1268 3804 1320 3874 frg.
1349 3805 1402 3859 578

230 3890 414 3962 χοιροπώλαι
433 3889 567 3942 vocabulo
587 3889 675 3943 simile
695 3890 760 3958 quid
779 3891 866 3944 subsit
885 3891 1003 3945 discerni
1021 3892 1124 3959 nequit.

319 3979 339 4039 ⁷)
361 3979 427 4046 „Die
453 3977 588 4030 att-ischen
617 3979 746 4032 Komiker
771 3979 820 4032 des
845 3982 870 4033 5.
890 3980 951 4032 Jhs.
980 3980 1093 4033 wenden
1118 3981 1287 4052 Μεγαρικὸν
1313 3983 1401 4052 ᾆσμα,

230 4069 383 4139 Μεγαρικὴ
412 4066 555 4136 κωμῳδία,
589 4073 714 4138 σκῶμμα
742 4068 919 4139 Μεγαρόθεν
949 4068 1149 4139 κεκλεμμένον
1179 4068 1317 4121 durchaus
1347 4085 1400 4119 nur

229 4156 432 4225 metaphorisch
458 4173 501 4221 an,
528 4171 557 4208 so
583 4157 634 4208 wie
661 4157 709 4208 wir
734 4157 806 4210 noch
830 4158 911 4210 heutc
937 4157 1109 4225 „boeotisch“
1130 4157 1186 4209 und
1207 4157 1339 4226 „attisch“
1361 4159 1401 4211 als

231 4245 400 4315 Gegenstitze
420 4243 583 4298 1000001000.α
