<?xml version="1.0" encoding="UTF-8"?>
<!DOCTYPE html PUBLIC "-//W3C//DTD XHTML 1.0 Transitional//EN"
    "http://www.w3.org/TR/xhtml1/DTD/xhtml1-transitional.dtd">
<html xmlns="http://www.w3.org/1999/xhtml" xml:lang="en" lang="en">
 <head>
  <title>
</title>
<meta http-equiv="Content-Type" content="text/html;charset=utf-8" />
  <meta name='ocr-system' content='tesseract 3.04.00' />
  <meta name='ocr-capabilities' content='ocr_page ocr_carea ocr_par ocr_line ocrx_word'/>
</head>
<body>
  <div class='ocr_page' id='page_1' title='image "./dedoriensiumlud00saligoog_0027.png"; bbox 0 0 3240 4898; ppageno 0'>
   <div class='ocr_carea' id='block_1_1' title="bbox 700 315 920 374">
    <p class='ocr_par' dir='ltr' id='par_1_1' title="bbox 700 315 920 374">
     <span class='ocr_line' id='line_1_1' title="bbox 700 315 920 374; baseline 0.009 -18"><span class='ocrx_word' id='word_1_1' title='bbox 700 315 920 374; x_wconf 69' lang='lat'><strong>-20-</strong></span> 
     </span>
    </p>
   </div>
   <div class='ocr_carea' id='block_1_2' title="bbox 192 502 1397 2087">
    <p class='ocr_par' dir='ltr' id='par_1_2' title="bbox 226 502 1397 700">
     <span class='ocr_line' id='line_1_2' title="bbox 226 502 1397 588; baseline 0.007 -22"><span class='ocrx_word' id='word_1_2' title='bbox 226 502 350 583; x_wconf 85' lang='lat' dir='ltr'>dorum,</span> <span class='ocrx_word' id='word_1_3' title='bbox 375 503 416 567; x_wconf 87' lang='lat' dir='ltr'>ab</span> <span class='ocrx_word' id='word_1_4' title='bbox 440 503 495 568; x_wconf 90' lang='lat' dir='ltr'>illo</span> <span class='ocrx_word' id='word_1_5' title='bbox 521 504 684 587; x_wconf 83' lang='lat' dir='ltr'>decipitur</span> <span class='ocrx_word' id='word_1_6' title='bbox 707 507 826 588; x_wconf 85' lang='lat' dir='ltr'>quippe</span> <span class='ocrx_word' id='word_1_7' title='bbox 842 507 898 588; x_wconf 90' lang='lat' dir='ltr'>qui</span> <span class='ocrx_word' id='word_1_8' title='bbox 914 507 1132 573; x_wconf 87' lang='lat' dir='ltr'>sollicitudine</span> <span class='ocrx_word' id='word_1_9' title='bbox 1150 531 1219 575; x_wconf 89' lang='lat' dir='ltr'>sese</span> <span class='ocrx_word' id='word_1_10' title='bbox 1238 509 1397 574; x_wconf 80' lang='lat' dir='ltr'>deliberat</span> 
     </span>
     <span class='ocr_line' id='line_1_3' title="bbox 226 610 1019 700; baseline 0.004 -26"><span class='ocrx_word' id='word_1_11' title='bbox 226 610 335 674; x_wconf 88' lang='lat' dir='ltr'>simias</span> <span class='ocrx_word' id='word_1_12' title='bbox 360 610 491 675; x_wconf 89' lang='lat' dir='ltr'>domum</span> <span class='ocrx_word' id='word_1_13' title='bbox 516 611 661 676; x_wconf 85' lang='lat' dir='ltr'>referens</span> <span class='ocrx_word' id='word_1_14' title='bbox 685 611 867 676; x_wconf 88' lang='lat' dir='ltr'>daemonum</span> <span class='ocrx_word' id='word_1_15' title='bbox 890 612 1019 700; x_wconf 52' lang='lat' dir='ltr'>locust)</span> 
     </span>
    </p>

    <p class='ocr_par' dir='ltr' id='par_1_3' title="bbox 192 716 1395 1425">
     <span class='ocr_line' id='line_1_4' title="bbox 313 716 1394 804; baseline 0.006 -23"><span class='ocrx_word' id='word_1_16' title='bbox 313 717 386 782; x_wconf 89' lang='lat' dir='ltr'>Nec</span> <span class='ocrx_word' id='word_1_17' title='bbox 421 717 573 782; x_wconf 83' lang='lat' dir='ltr'>Bacchus</span> <span class='ocrx_word' id='word_1_18' title='bbox 609 718 662 782; x_wconf 86' lang='lat' dir='ltr'>ille</span> <span class='ocrx_word' id='word_1_19' title='bbox 694 716 967 802; x_wconf 78' lang='lat' dir='ltr'>Aristophaneus,</span> <span class='ocrx_word' id='word_1_20' title='bbox 1004 723 1058 804; x_wconf 90' lang='lat' dir='ltr'>qui</span> <span class='ocrx_word' id='word_1_21' title='bbox 1090 722 1245 788; x_wconf 84' lang='lat' dir='ltr'>Herculis</span> <span class='ocrx_word' id='word_1_22' title='bbox 1276 725 1394 788; x_wconf 89' lang='lat' dir='ltr'>vestitu</span> 
     </span>
     <span class='ocr_line' id='line_1_5' title="bbox 227 824 1394 912; baseline 0.003 -24"><span class='ocrx_word' id='word_1_23' title='bbox 227 830 366 906; x_wconf 82' lang='lat' dir='ltr'>sumpto,</span> <span class='ocrx_word' id='word_1_24' title='bbox 400 824 503 888; x_wconf 90' lang='lat' dir='ltr'>leonis</span> <span class='ocrx_word' id='word_1_25' title='bbox 526 825 610 907; x_wconf 87' lang='lat' dir='ltr'>pelle</span> <span class='ocrx_word' id='word_1_26' title='bbox 634 825 799 907; x_wconf 90' lang='lat' dir='ltr'>clavaque,</span> <span class='ocrx_word' id='word_1_27' title='bbox 825 825 906 890; x_wconf 92' lang='lat' dir='ltr'>alios</span> <span class='ocrx_word' id='word_1_28' title='bbox 930 826 1044 892; x_wconf 85' lang='lat' dir='ltr'>fallere</span> <span class='ocrx_word' id='word_1_29' title='bbox 1070 836 1216 911; x_wconf 81' lang='lat' dir='ltr'>conatur,</span> <span class='ocrx_word' id='word_1_30' title='bbox 1248 830 1394 912; x_wconf 88' lang='lat' dir='ltr'>exemplo</span> 
     </span>
     <span class='ocr_line' id='line_1_6' title="bbox 225 930 1395 1014; baseline 0.003 -20"><span class='ocrx_word' id='word_1_31' title='bbox 225 937 316 994; x_wconf 91' lang='lat' dir='ltr'>caret</span> <span class='ocrx_word' id='word_1_32' title='bbox 344 930 548 1014; x_wconf 87' lang='lat' dir='ltr'>phlyacensi:</span> <span class='ocrx_word' id='word_1_33' title='bbox 584 953 700 1013; x_wconf 88' lang='lat' dir='ltr'>nempe</span> <span class='ocrx_word' id='word_1_34' title='bbox 734 952 845 996; x_wconf 86' lang='lat' dir='ltr'>servus</span> <span class='ocrx_word' id='word_1_35' title='bbox 876 932 956 996; x_wconf 90' lang='lat' dir='ltr'>mihi</span> <span class='ocrx_word' id='word_1_36' title='bbox 985 935 1020 997; x_wconf 92' lang='lat' dir='ltr'>in</span> <span class='ocrx_word' id='word_1_37' title='bbox 1052 935 1158 999; x_wconf 91' lang='lat' dir='ltr'>animo</span> <span class='ocrx_word' id='word_1_38' title='bbox 1193 943 1242 1000; x_wconf 90' lang='lat' dir='ltr'>est</span> <span class='ocrx_word' id='word_1_39' title='bbox 1274 937 1395 1000; x_wconf 84' lang='lat' dir='ltr'>vasculi</span> 
     </span>
     <span class='ocr_line' id='line_1_7' title="bbox 192 1037 1394 1125; baseline 0.006 -25"><span class='ocrx_word' id='word_1_40' title='bbox 192 1073 195 1077; x_wconf 56' lang='lat'>&lt;</span> <span class='ocrx_word' id='word_1_41' title='bbox 224 1037 334 1121; x_wconf 86' lang='lat' dir='ltr'>Heyd.</span> <span class='ocrx_word' id='word_1_42' title='bbox 359 1061 390 1120; x_wconf 90' lang='lat' dir='ltr'>p.</span> <span class='ocrx_word' id='word_1_43' title='bbox 416 1040 490 1116; x_wconf 80' lang='lat'>303,</span> <span class='ocrx_word' id='word_1_44' title='bbox 516 1044 540 1120; x_wconf 84' lang='lat' dir='ltr'>t,</span> <span class='ocrx_word' id='word_1_45' title='bbox 570 1059 638 1102; x_wconf 72' lang='lat' dir='ltr'>aevo</span> <span class='ocrx_word' id='word_1_46' title='bbox 669 1038 824 1120; x_wconf 85' lang='lat' dir='ltr'>grandior</span> <span class='ocrx_word' id='word_1_47' title='bbox 857 1041 911 1122; x_wconf 90' lang='lat' dir='ltr'>qui</span> <span class='ocrx_word' id='word_1_48' title='bbox 934 1038 1111 1125; x_wconf 86' lang='lat' dir='ltr'>Antigonae</span> <span class='ocrx_word' id='word_1_49' title='bbox 1142 1049 1260 1107; x_wconf 91' lang='lat' dir='ltr'>ornatu</span> <span class='ocrx_word' id='word_1_50' title='bbox 1289 1043 1394 1108; x_wconf 86' lang='lat' dir='ltr'>latens</span> 
     </span>
     <span class='ocr_line' id='line_1_8' title="bbox 226 1145 1391 1233; baseline 0.004 -24"><span class='ocrx_word' id='word_1_51' title='bbox 226 1145 377 1210; x_wconf 88' lang='lat' dir='ltr'>detracta</span> <span class='ocrx_word' id='word_1_52' title='bbox 392 1145 543 1209; x_wconf 88' lang='lat' dir='ltr'>muliebri</span> <span class='ocrx_word' id='word_1_53' title='bbox 560 1167 701 1228; x_wconf 89' lang='lat' dir='ltr'>persona</span> <span class='ocrx_word' id='word_1_54' title='bbox 717 1145 983 1228; x_wconf 84' lang='lat' dir='ltr'>deprehenditur,</span> <span class='ocrx_word' id='word_1_55' title='bbox 1009 1170 1148 1230; x_wconf 89' lang='lat' dir='ltr'>quocum</span> <span class='ocrx_word' id='word_1_56' title='bbox 1172 1150 1243 1213; x_wconf 88' lang='lat' dir='ltr'>ioco</span> <span class='ocrx_word' id='word_1_57' title='bbox 1259 1150 1391 1233; x_wconf 85' lang='lat' dir='ltr'>Heyde-</span> 
     </span>
     <span class='ocr_line' id='line_1_9' title="bbox 225 1252 1394 1338; baseline 0.005 -23"><span class='ocrx_word' id='word_1_58' title='bbox 225 1274 325 1317; x_wconf 90' lang='lat' dir='ltr'>mann</span> <span class='ocrx_word' id='word_1_59' title='bbox 349 1253 468 1336; x_wconf 92' lang='lat' dir='ltr'>optime</span> <span class='ocrx_word' id='word_1_60' title='bbox 492 1254 611 1316; x_wconf 90' lang='lat' dir='ltr'>iterum</span> <span class='ocrx_word' id='word_1_61' title='bbox 635 1252 763 1317; x_wconf 81' lang='lat' dir='ltr'>confert</span> <span class='ocrx_word' id='word_1_62' title='bbox 784 1252 1025 1318; x_wconf 88' lang='lat' dir='ltr'>Mnesilochum</span> <span class='ocrx_word' id='word_1_63' title='bbox 1045 1253 1394 1338; x_wconf 80' lang='lat' dir='ltr'>Thesmophoriazusa·</span> 
     </span>
     <span class='ocr_line' id='line_1_10' title="bbox 224 1360 806 1425; baseline 0 0"><span class='ocrx_word' id='word_1_64' title='bbox 224 1383 297 1425; x_wconf 92' lang='lat' dir='ltr'>rum</span> <span class='ocrx_word' id='word_1_65' title='bbox 321 1367 410 1424; x_wconf 88' lang='lat' dir='ltr'>veste</span> <span class='ocrx_word' id='word_1_66' title='bbox 435 1360 632 1424; x_wconf 87' lang='lat' dir='ltr'>occultatum</span> <span class='ocrx_word' id='word_1_67' title='bbox 655 1361 806 1425; x_wconf 84' lang='lat' dir='ltr'>feminea.</span> 
     </span>
    </p>

    <p class='ocr_par' dir='ltr' id='par_1_4' title="bbox 224 1458 1395 2087">
     <span class='ocr_line' id='line_1_11' title="bbox 314 1458 1395 1552; baseline 0.002 -21"><span class='ocrx_word' id='word_1_68' title='bbox 314 1468 356 1531; x_wconf 89' lang='lat' dir='ltr'>Iu</span> <span class='ocrx_word' id='word_1_69' title='bbox 380 1467 570 1550; x_wconf 81' lang='lat' dir='ltr'>Epicharmi</span> <span class='ocrx_word' id='word_1_70' title='bbox 599 1467 711 1533; x_wconf 81' lang='lat' dir='ltr'>fabula</span> <span class='ocrx_word' id='word_1_71' title='bbox 734 1459 896 1544; x_wconf 62' lang='lat' dir='ltr'>buccae</span> <span class='ocrx_word' id='word_1_72' title='bbox 925 1458 1102 1550; x_wconf 74' lang='grc' dir='ltr'><strong><em>αὐτόμολος</em></strong></span> <span class='ocrx_word' id='word_1_73' title='bbox 1132 1470 1289 1552; x_wconf 89' lang='lat' dir='ltr'>inscripta</span> <span class='ocrx_word' id='word_1_74' title='bbox 1319 1471 1395 1534; x_wconf 91' lang='lat' dir='ltr'>arti-</span> 
     </span>
     <span class='ocr_line' id='line_1_12' title="bbox 225 1573 1395 1657; baseline -0.002 -17"><span class='ocrx_word' id='word_1_75' title='bbox 225 1576 333 1640; x_wconf 88' lang='lat' dir='ltr'>ficium</span> <span class='ocrx_word' id='word_1_76' title='bbox 360 1573 575 1640; x_wconf 85' lang='lat' dir='ltr'>simulationis</span> <span class='ocrx_word' id='word_1_77' title='bbox 600 1575 745 1639; x_wconf 89' lang='lat' dir='ltr'>eiusdem</span> <span class='ocrx_word' id='word_1_78' title='bbox 769 1577 898 1657; x_wconf 90' lang='lat' dir='ltr'>generis</span> <span class='ocrx_word' id='word_1_79' title='bbox 922 1581 1020 1656; x_wconf 85' lang='lat' dir='ltr'>atque</span> <span class='ocrx_word' id='word_1_80' title='bbox 1041 1575 1196 1640; x_wconf 90' lang='lat' dir='ltr'>Herculis</span> <span class='ocrx_word' id='word_1_81' title='bbox 1220 1576 1301 1639; x_wconf 89' lang='lat' dir='ltr'>illud</span> <span class='ocrx_word' id='word_1_82' title='bbox 1318 1574 1395 1639; x_wconf 81' lang='lat' dir='ltr'>Cer-</span> 
     </span>
     <span class='ocr_line' id='line_1_13' title="bbox 224 1680 1394 1766; baseline -0.003 -18"><span class='ocrx_word' id='word_1_83' title='bbox 224 1705 323 1766; x_wconf 90' lang='lat' dir='ltr'>copes</span> <span class='ocrx_word' id='word_1_84' title='bbox 348 1682 498 1746; x_wconf 83' lang='lat' dir='ltr'>falsantis</span> <span class='ocrx_word' id='word_1_85' title='bbox 522 1690 651 1747; x_wconf 90' lang='lat' dir='ltr'>exstare</span> <span class='ocrx_word' id='word_1_86' title='bbox 675 1688 771 1766; x_wconf 88' lang='lat' dir='ltr'>putat</span> <span class='ocrx_word' id='word_1_87' title='bbox 794 1680 993 1763; x_wconf 84' lang='lat' dir='ltr'>Duemmler‚</span> <span class='ocrx_word' id='word_1_88' title='bbox 1018 1681 1153 1746; x_wconf 92' lang='lat' dir='ltr'>Bonner</span> <span class='ocrx_word' id='word_1_89' title='bbox 1174 1682 1312 1748; x_wconf 82' lang='lat' dir='ltr'>Studien</span> <span class='ocrx_word' id='word_1_90' title='bbox 1335 1684 1394 1764; x_wconf 74' lang='lat'>883</span> 
     </span>
     <span class='ocr_line' id='line_1_14' title="bbox 226 1788 1393 1874; baseline -0.003 -18"><span class='ocrx_word' id='word_1_91' title='bbox 226 1792 387 1856; x_wconf 87' lang='lat' dir='ltr'>coniectat</span> <span class='ocrx_word' id='word_1_92' title='bbox 412 1791 496 1853; x_wconf 87' lang='lat' dir='ltr'>euim</span> <span class='ocrx_word' id='word_1_93' title='bbox 520 1791 569 1853; x_wconf 92' lang='lat' dir='ltr'>vir</span> <span class='ocrx_word' id='word_1_94' title='bbox 586 1790 700 1854; x_wconf 86' lang='lat' dir='ltr'>doctus</span> <span class='ocrx_word' id='word_1_95' title='bbox 716 1789 855 1874; x_wconf 77' lang='lat' dir='ltr'>Ulixem,</span> <span class='ocrx_word' id='word_1_96' title='bbox 881 1795 918 1852; x_wconf 86' lang='lat' dir='ltr'>ut</span> <span class='ocrx_word' id='word_1_97' title='bbox 940 1788 1072 1853; x_wconf 89' lang='lat' dir='ltr'>invento</span> <span class='ocrx_word' id='word_1_98' title='bbox 1097 1811 1155 1853; x_wconf 93' lang='lat' dir='ltr'>suo</span> <span class='ocrx_word' id='word_1_99' title='bbox 1171 1789 1269 1853; x_wconf 88' lang='lat' dir='ltr'>fidem</span> <span class='ocrx_word' id='word_1_100' title='bbox 1285 1789 1393 1870; x_wconf 82' lang='lat' dir='ltr'>faciat,</span> 
     </span>
     <span class='ocr_line' id='line_1_15' title="bbox 224 1895 1394 1980; baseline -0.001 -19"><span class='ocrx_word' id='word_1_101' title='bbox 224 1897 359 1980; x_wconf 83' lang='lat' dir='ltr'>palladii</span> <span class='ocrx_word' id='word_1_102' title='bbox 381 1898 556 1978; x_wconf 83' lang='lat' dir='ltr'>imaginem</span> <span class='ocrx_word' id='word_1_103' title='bbox 572 1897 677 1978; x_wconf 90' lang='lat' dir='ltr'>ipsum</span> <span class='ocrx_word' id='word_1_104' title='bbox 695 1895 846 1978; x_wconf 89' lang='lat' dir='ltr'>effingere</span> <span class='ocrx_word' id='word_1_105' title='bbox 862 1933 905 1943; x_wconf 92' lang='lat'>—</span> <span class='ocrx_word' id='word_1_106' title='bbox 922 1903 1139 1960; x_wconf 92' lang='lat' dir='ltr'>commentum</span> <span class='ocrx_word' id='word_1_107' title='bbox 1158 1917 1235 1960; x_wconf 89' lang='lat' dir='ltr'>saue</span> <span class='ocrx_word' id='word_1_108' title='bbox 1252 1897 1394 1978; x_wconf 87' lang='lat' dir='ltr'>ingenio-</span> 
     </span>
     <span class='ocr_line' id='line_1_16' title="bbox 225 2002 1279 2087; baseline -0.002 -17"><span class='ocrx_word' id='word_1_109' title='bbox 225 2006 397 2082; x_wconf 86' lang='lat' dir='ltr'>sissimum,</span> <span class='ocrx_word' id='word_1_110' title='bbox 423 2003 479 2067; x_wconf 90' lang='lat' dir='ltr'>sed</span> <span class='ocrx_word' id='word_1_111' title='bbox 503 2003 648 2068; x_wconf 84' lang='lat' dir='ltr'>fabulam</span> <span class='ocrx_word' id='word_1_112' title='bbox 676 2010 781 2087; x_wconf 77' lang='grc' dir='ltr'><em>Τρῶες</em></span> <span class='ocrx_word' id='word_1_113' title='bbox 803 2003 992 2085; x_wconf 84' lang='lat' dir='ltr'>inscriptam</span> <span class='ocrx_word' id='word_1_114' title='bbox 1017 2003 1108 2067; x_wconf 90' lang='lat' dir='ltr'>cuius</span> <span class='ocrx_word' id='word_1_115' title='bbox 1132 2002 1193 2087; x_wconf 83' lang='lat' dir='ltr'>frg.</span> <span class='ocrx_word' id='word_1_116' title='bbox 1222 2006 1279 2068; x_wconf 83' lang='lat'>131</span> 
     </span>
    </p>
   </div>
   <div class='ocr_carea' id='block_1_3' title="bbox 457 2142 1162 2338">
    <p class='ocr_par' dir='ltr' id='par_1_5' title="bbox 457 2142 1162 2338">
     <span class='ocr_line' id='line_1_17' title="bbox 663 2142 959 2223; baseline 0 -14"><span class='ocrx_word' id='word_1_117' title='bbox 663 2142 697 2209; x_wconf 72' lang='lat' dir='ltr'>ix</span> <span class='ocrx_word' id='word_1_118' title='bbox 720 2144 843 2221; x_wconf 80' lang='grc' dir='ltr'><strong><em>παντὸς</em></strong></span> <span class='ocrx_word' id='word_1_119' title='bbox 867 2144 959 2223; x_wconf 76' lang='grc' dir='ltr'><em>ξύλου</em></span> 
     </span>
     <span class='ocr_line' id='line_1_18' title="bbox 457 2244 1162 2338; baseline 0 -22"><span class='ocrx_word' id='word_1_120' title='bbox 457 2251 562 2330; x_wconf 82' lang='grc' dir='ltr'><em>κλοιός</em></span> <span class='ocrx_word' id='word_1_121' title='bbox 584 2277 620 2318; x_wconf 78' lang='grc' dir='ltr'>τε</span> <span class='ocrx_word' id='word_1_122' title='bbox 643 2278 683 2316; x_wconf 81' lang='grc' dir='ltr'>κα</span> <span class='ocrx_word' id='word_1_123' title='bbox 707 2258 831 2338; x_wconf 75' lang='grc' dir='ltr'><em>γένοιτο</em></span> <span class='ocrx_word' id='word_1_124' title='bbox 854 2244 911 2337; x_wconf 63' lang='grc' dir='ltr'>κήκ</span> <span class='ocrx_word' id='word_1_125' title='bbox 934 2244 1059 2317; x_wconf 71' lang='lat' dir='ltr'>sivirei</span> <span class='ocrx_word' id='word_1_126' title='bbox 1082 2250 1162 2330; x_wconf 66' lang='grc' dir='ltr'>θείς</span> 
     </span>
    </p>
   </div>
   <div class='ocr_carea' id='block_1_4' title="bbox 223 2396 1393 3333">
    <p class='ocr_par' dir='ltr' id='par_1_6' title="bbox 223 2396 1393 3333">
     <span class='ocr_line' id='line_1_19' title="bbox 225 2396 1393 2481; baseline -0.004 -18"><span class='ocrx_word' id='word_1_127' title='bbox 225 2399 265 2463; x_wconf 89' lang='lat' dir='ltr'>ad</span> <span class='ocrx_word' id='word_1_128' title='bbox 292 2398 455 2461; x_wconf 83' lang='lat' dir='ltr'>fallaciam</span> <span class='ocrx_word' id='word_1_129' title='bbox 479 2396 622 2479; x_wconf 86' lang='lat' dir='ltr'>aliquam</span> <span class='ocrx_word' id='word_1_130' title='bbox 647 2405 795 2480; x_wconf 88' lang='lat' dir='ltr'>spectare</span> <span class='ocrx_word' id='word_1_131' title='bbox 819 2417 915 2478; x_wconf 90' lang='lat' dir='ltr'>posse</span> <span class='ocrx_word' id='word_1_132' title='bbox 938 2417 1005 2459; x_wconf 91' lang='lat' dir='ltr'>non</span> <span class='ocrx_word' id='word_1_133' title='bbox 1028 2417 1121 2481; x_wconf 87' lang='lat' dir='ltr'>nego,</span> <span class='ocrx_word' id='word_1_134' title='bbox 1154 2396 1290 2460; x_wconf 87' lang='lat' dir='ltr'>eandem</span> <span class='ocrx_word' id='word_1_135' title='bbox 1323 2416 1393 2459; x_wconf 89' lang='lat' dir='ltr'>esse</span> 
     </span>
     <span class='ocr_line' id='line_1_20' title="bbox 224 2501 1393 2589; baseline -0.004 -20"><span class='ocrx_word' id='word_1_136' title='bbox 224 2526 262 2569; x_wconf 89' lang='lat' dir='ltr'>ac</span> <span class='ocrx_word' id='word_1_137' title='bbox 279 2505 407 2568; x_wconf 82' lang='lat' dir='ltr'>Ulixem</span> <span class='ocrx_word' id='word_1_138' title='bbox 432 2502 643 2589; x_wconf 84' lang='lat' dir='ltr'>transfugam,</span> <span class='ocrx_word' id='word_1_139' title='bbox 669 2506 751 2568; x_wconf 91' lang='lat' dir='ltr'>sicut</span> <span class='ocrx_word' id='word_1_140' title='bbox 774 2503 817 2566; x_wconf 91' lang='lat' dir='ltr'>D.</span> <span class='ocrx_word' id='word_1_141' title='bbox 835 2502 1023 2584; x_wconf 87' lang='lat' dir='ltr'>arbitratur,</span> <span class='ocrx_word' id='word_1_142' title='bbox 1048 2503 1248 2585; x_wconf 88' lang='lat' dir='ltr'>argumentis</span> <span class='ocrx_word' id='word_1_143' title='bbox 1271 2501 1393 2565; x_wconf 87' lang='lat' dir='ltr'>firmari</span> 
     </span>
     <span class='ocr_line' id='line_1_21' title="bbox 224 2609 1393 2694; baseline -0.006 -17"><span class='ocrx_word' id='word_1_144' title='bbox 224 2614 346 2694; x_wconf 88' lang='lat' dir='ltr'>nequit.</span> <span class='ocrx_word' id='word_1_145' title='bbox 405 2609 626 2674; x_wconf 85' lang='lat' dir='ltr'>Nihilominus</span> <span class='ocrx_word' id='word_1_146' title='bbox 655 2609 770 2674; x_wconf 86' lang='lat' dir='ltr'>Ulixes</span> <span class='ocrx_word' id='word_1_147' title='bbox 804 2610 1041 2692; x_wconf 84' lang='lat' dir='ltr'>Epicharmeus</span> <span class='ocrx_word' id='word_1_148' title='bbox 1075 2610 1302 2689; x_wconf 86' lang='lat' dir='ltr'>ignavissimus</span> <span class='ocrx_word' id='word_1_149' title='bbox 1338 2609 1393 2690; x_wconf 89' lang='lat' dir='ltr'>qui</span> 
     </span>
     <span class='ocr_line' id='line_1_22' title="bbox 225 2715 1393 2802; baseline -0.004 -19"><span class='ocrx_word' id='word_1_150' title='bbox 225 2718 441 2802; x_wconf 84' lang='lat' dir='ltr'>exploratoris</span> <span class='ocrx_word' id='word_1_151' title='bbox 476 2718 643 2800; x_wconf 89' lang='lat' dir='ltr'>negotium</span> <span class='ocrx_word' id='word_1_152' title='bbox 676 2739 696 2781; x_wconf 91' lang='lat' dir='ltr'>a</span> <span class='ocrx_word' id='word_1_153' title='bbox 731 2717 1002 2780; x_wconf 88' lang='lat' dir='ltr'>commilitonibus</span> <span class='ocrx_word' id='word_1_154' title='bbox 1034 2716 1094 2780; x_wconf 87' lang='lat' dir='ltr'>sibi</span> <span class='ocrx_word' id='word_1_155' title='bbox 1129 2715 1317 2780; x_wconf 88' lang='lat' dir='ltr'>mandatum</span> <span class='ocrx_word' id='word_1_156' title='bbox 1347 2716 1393 2779; x_wconf 89' lang='lat' dir='ltr'>ita</span> 
     </span>
     <span class='ocr_line' id='line_1_23' title="bbox 224 2822 1393 2906; baseline -0.004 -16"><span class='ocrx_word' id='word_1_157' title='bbox 224 2825 355 2891; x_wconf 90' lang='lat' dir='ltr'>conficit</span> <span class='ocrx_word' id='word_1_158' title='bbox 389 2831 426 2888; x_wconf 91' lang='lat' dir='ltr'>ut</span> <span class='ocrx_word' id='word_1_159' title='bbox 460 2823 633 2888; x_wconf 88' lang='lat' dir='ltr'>mendacia</span> <span class='ocrx_word' id='word_1_160' title='bbox 668 2824 734 2887; x_wconf 91' lang='lat' dir='ltr'>suis</span> <span class='ocrx_word' id='word_1_161' title='bbox 768 2823 983 2906; x_wconf 88' lang='lat' dir='ltr'>proloquatur</span> <span class='ocrx_word' id='word_1_162' title='bbox 1017 2822 1145 2887; x_wconf 86' lang='lat' dir='ltr'>facinus</span> <span class='ocrx_word' id='word_1_163' title='bbox 1176 2822 1393 2905; x_wconf 88' lang='lat' dir='ltr'>periculosum</span> 
     </span>
     <span class='ocr_line' id='line_1_24' title="bbox 224 2929 1391 3015; baseline -0.003 -19"><span class='ocrx_word' id='word_1_164' title='bbox 224 2954 295 2997; x_wconf 89' lang='lat' dir='ltr'>sese</span> <span class='ocrx_word' id='word_1_165' title='bbox 330 2940 538 3015; x_wconf 90' lang='lat' dir='ltr'>perpetrasse</span> <span class='ocrx_word' id='word_1_166' title='bbox 573 2931 707 3007; x_wconf 88' lang='lat' dir='ltr'>iactans,</span> <span class='ocrx_word' id='word_1_167' title='bbox 744 2930 786 2995; x_wconf 91' lang='lat' dir='ltr'>ad</span> <span class='ocrx_word' id='word_1_168' title='bbox 821 2931 883 2995; x_wconf 93' lang='lat' dir='ltr'>hoc</span> <span class='ocrx_word' id='word_1_169' title='bbox 914 2937 1003 2995; x_wconf 91' lang='lat' dir='ltr'>certe</span> <span class='ocrx_word' id='word_1_170' title='bbox 1033 2951 1135 3013; x_wconf 88' lang='lat' dir='ltr'>genus</span> <span class='ocrx_word' id='word_1_171' title='bbox 1166 2931 1311 3013; x_wconf 88' lang='lat' dir='ltr'>pertinet</span> <span class='ocrx_word' id='word_1_172' title='bbox 1338 2929 1391 3011; x_wconf 84' lang='lat' dir='ltr'>(ci.</span> 
     </span>
     <span class='ocr_line' id='line_1_25' title="bbox 224 3035 1393 3122; baseline -0.003 -18"><span class='ocrx_word' id='word_1_173' title='bbox 224 3037 398 3121; x_wconf 83' lang='lat' dir='ltr'>Gomperz,</span> <span class='ocrx_word' id='word_1_174' title='bbox 430 3037 513 3120; x_wconf 89' lang='lat' dir='ltr'>Pap.</span> <span class='ocrx_word' id='word_1_175' title='bbox 545 3037 699 3101; x_wconf 84' lang='lat' dir='ltr'>Erzherz.</span> <span class='ocrx_word' id='word_1_176' title='bbox 731 3038 856 3102; x_wconf 90' lang='lat' dir='ltr'>Rainer</span> <span class='ocrx_word' id='word_1_177' title='bbox 886 3039 918 3103; x_wconf 88' lang='lat' dir='ltr'>V</span> <span class='ocrx_word' id='word_1_178' title='bbox 948 3060 979 3120; x_wconf 91' lang='lat' dir='ltr'>p.</span> <span class='ocrx_word' id='word_1_179' title='bbox 1014 3035 1054 3122; x_wconf 84' lang='lat'>1).</span> <span class='ocrx_word' id='word_1_180' title='bbox 1102 3036 1264 3103; x_wconf 84' lang='lat' dir='ltr'>Versatur</span> <span class='ocrx_word' id='word_1_181' title='bbox 1295 3038 1393 3119; x_wconf 88' lang='lat' dir='ltr'>igitur</span> 
     </span>
     <span class='ocr_line' id='line_1_26' title="bbox 224 3143 1392 3227; baseline -0.003 -16"><span class='ocrx_word' id='word_1_182' title='bbox 224 3147 365 3211; x_wconf 90' lang='lat' dir='ltr'>omnium</span> <span class='ocrx_word' id='word_1_183' title='bbox 390 3165 471 3227; x_wconf 87' lang='lat' dir='ltr'>quos</span> <span class='ocrx_word' id='word_1_184' title='bbox 496 3143 706 3227; x_wconf 87' lang='lat' dir='ltr'>contemplati</span> <span class='ocrx_word' id='word_1_185' title='bbox 730 3168 840 3209; x_wconf 89' lang='lat' dir='ltr'>sumus</span> <span class='ocrx_word' id='word_1_186' title='bbox 863 3146 1008 3209; x_wconf 89' lang='lat' dir='ltr'>iocorum</span> <span class='ocrx_word' id='word_1_187' title='bbox 1032 3144 1131 3208; x_wconf 91' lang='lat' dir='ltr'>cardo</span> <span class='ocrx_word' id='word_1_188' title='bbox 1160 3145 1193 3207; x_wconf 92' lang='lat' dir='ltr'>in</span> <span class='ocrx_word' id='word_1_189' title='bbox 1223 3144 1392 3208; x_wconf 86' lang='lat' dir='ltr'>fraudibus</span> 
     </span>
     <span class='ocr_line' id='line_1_27' title="bbox 223 3250 889 3333; baseline -0.003 -17"><span class='ocrx_word' id='word_1_190' title='bbox 223 3252 317 3333; x_wconf 89' lang='lat' dir='ltr'>dolis,</span> <span class='ocrx_word' id='word_1_191' title='bbox 342 3251 480 3316; x_wconf 80' lang='lat' dir='ltr'>fallaciis</span> <span class='ocrx_word' id='word_1_192' title='bbox 504 3250 668 3315; x_wconf 89' lang='lat' dir='ltr'>hominum</span> <span class='ocrx_word' id='word_1_193' title='bbox 692 3252 889 3316; x_wconf 89' lang='lat' dir='ltr'>deridendis.</span> 
     </span>
    </p>
   </div>
   <div class='ocr_carea' id='block_1_5' title="bbox 218 3445 1391 4229">
    <p class='ocr_par' dir='ltr' id='par_1_7' title="bbox 218 3445 1391 4229">
     <span class='ocr_line' id='line_1_28' title="bbox 312 3445 1390 3519; baseline -0.006 -18"><span class='ocrx_word' id='word_1_194' title='bbox 312 3449 346 3519; x_wconf 77' lang='grc'>12)</span> <span class='ocrx_word' id='word_1_195' title='bbox 364 3447 410 3501; x_wconf 84' lang='lat' dir='ltr'>lta</span> <span class='ocrx_word' id='word_1_196' title='bbox 428 3465 487 3500; x_wconf 90' lang='lat' dir='ltr'>rem</span> <span class='ocrx_word' id='word_1_197' title='bbox 507 3447 558 3499; x_wconf 91' lang='lat' dir='ltr'>sibi</span> <span class='ocrx_word' id='word_1_198' title='bbox 577 3447 785 3515; x_wconf 87' lang='lat' dir='ltr'>explicaverunt</span> <span class='ocrx_word' id='word_1_199' title='bbox 813 3447 867 3498; x_wconf 90' lang='lat' dir='ltr'>iam</span> <span class='ocrx_word' id='word_1_200' title='bbox 892 3446 1031 3514; x_wconf 82' lang='lat' dir='ltr'>Panoflva,</span> <span class='ocrx_word' id='word_1_201' title='bbox 1057 3450 1125 3502; x_wconf 86' lang='lat' dir='ltr'>Ann.</span> <span class='ocrx_word' id='word_1_202' title='bbox 1151 3446 1206 3499; x_wconf 89' lang='lat' dir='ltr'>dell</span> <span class='ocrx_word' id='word_1_203' title='bbox 1232 3445 1299 3498; x_wconf 86' lang='lat' dir='ltr'>lust.</span> <span class='ocrx_word' id='word_1_204' title='bbox 1319 3447 1390 3497; x_wconf 85' lang='lat' dir='ltr'>arch.</span> 
     </span>
     <span class='ocr_line' id='line_1_29' title="bbox 222 3533 1391 3606; baseline -0.006 -15"><span class='ocrx_word' id='word_1_205' title='bbox 222 3537 296 3591; x_wconf 84' lang='lat' dir='ltr'>XIX</span> <span class='ocrx_word' id='word_1_206' title='bbox 314 3540 375 3606; x_wconf 80' lang='grc'><strong>221,</strong></span> <span class='ocrx_word' id='word_1_207' title='bbox 394 3536 478 3602; x_wconf 82' lang='lat' dir='ltr'>Jahn,</span> <span class='ocrx_word' id='word_1_208' title='bbox 498 3537 631 3589; x_wconf 83' lang='lat' dir='ltr'>Archaeol.</span> <span class='ocrx_word' id='word_1_209' title='bbox 652 3535 782 3604; x_wconf 86' lang='lat' dir='ltr'>Beitr&#39;a&#39;ge</span> <span class='ocrx_word' id='word_1_210' title='bbox 802 3537 854 3590; x_wconf 80' lang='lat'>436</span> <span class='ocrx_word' id='word_1_211' title='bbox 874 3554 913 3603; x_wconf 90' lang='lat' dir='ltr'>sq.</span> <span class='ocrx_word' id='word_1_212' title='bbox 944 3535 1049 3604; x_wconf 74' lang='lat' dir='ltr'>Quibus</span> <span class='ocrx_word' id='word_1_213' title='bbox 1068 3534 1210 3604; x_wconf 90' lang='lat' dir='ltr'>perpensis</span> <span class='ocrx_word' id='word_1_214' title='bbox 1228 3533 1302 3586; x_wconf 90' lang='lat' dir='ltr'>haud</span> <span class='ocrx_word' id='word_1_215' title='bbox 1320 3534 1391 3584; x_wconf 85' lang='lat' dir='ltr'>male</span> 
     </span>
     <span class='ocr_line' id='line_1_30' title="bbox 222 3621 1391 3696; baseline -0.008 -16"><span class='ocrx_word' id='word_1_216' title='bbox 222 3627 273 3680; x_wconf 88' lang='lat' dir='ltr'>tibi</span> <span class='ocrx_word' id='word_1_217' title='bbox 300 3626 421 3696; x_wconf 87' lang='lat' dir='ltr'>placebit</span> <span class='ocrx_word' id='word_1_218' title='bbox 448 3625 642 3693; x_wconf 81' lang='lat' dir='ltr'>Heydemanni</span> <span class='ocrx_word' id='word_1_219' title='bbox 672 3626 808 3679; x_wconf 86' lang='lat' dir='ltr'>sententia</span> <span class='ocrx_word' id='word_1_220' title='bbox 840 3624 992 3692; x_wconf 84' lang='lat' dir='ltr'>„Herakles</span> <span class='ocrx_word' id='word_1_221' title='bbox 1025 3625 1090 3677; x_wconf 85' lang='lat' dir='ltr'>aber</span> <span class='ocrx_word' id='word_1_222' title='bbox 1117 3625 1220 3676; x_wconf 89' lang='lat' dir='ltr'>konnte</span> <span class='ocrx_word' id='word_1_223' title='bbox 1248 3626 1315 3675; x_wconf 90' lang='lat' dir='ltr'>statt</span> <span class='ocrx_word' id='word_1_224' title='bbox 1343 3621 1391 3672; x_wconf 85' lang='lat' dir='ltr'>der</span> 
     </span>
     <span class='ocr_line' id='line_1_31' title="bbox 224 3709 1390 3785; baseline -0.01 -15"><span class='ocrx_word' id='word_1_225' title='bbox 224 3715 463 3785; x_wconf 80' lang='lat' dir='ltr'>„Schwitnzlinge“</span> <span class='ocrx_word' id='word_1_226' title='bbox 484 3733 531 3767; x_wconf 92' lang='lat' dir='ltr'>um</span> <span class='ocrx_word' id='word_1_227' title='bbox 550 3733 578 3769; x_wconf 90' lang='lat' dir='ltr'>so</span> <span class='ocrx_word' id='word_1_228' title='bbox 597 3716 713 3769; x_wconf 87' lang='lat' dir='ltr'>leichter</span> <span class='ocrx_word' id='word_1_229' title='bbox 731 3715 814 3768; x_wconf 86' lang='lat' dir='ltr'>Affen</span> <span class='ocrx_word' id='word_1_230' title='bbox 832 3714 957 3783; x_wconf 60' lang='lat' dir='ltr'>haugen,</span> <span class='ocrx_word' id='word_1_231' title='bbox 976 3713 1012 3765; x_wconf 88' lang='lat' dir='ltr'>da</span> <span class='ocrx_word' id='word_1_232' title='bbox 1030 3730 1095 3765; x_wconf 89' lang='lat' dir='ltr'>man</span> <span class='ocrx_word' id='word_1_233' title='bbox 1113 3717 1194 3765; x_wconf 90' lang='lat' dir='ltr'>unter</span> <span class='ocrx_word' id='word_1_234' title='bbox 1206 3712 1269 3764; x_wconf 87' lang='lat' dir='ltr'>dem</span> <span class='ocrx_word' id='word_1_235' title='bbox 1282 3709 1390 3762; x_wconf 89' lang='lat' dir='ltr'>Namen</span> 
     </span>
     <span class='ocr_line' id='line_1_32' title="bbox 218 3796 1390 3874; baseline -0.009 -17"><span class='ocrx_word' id='word_1_236' title='bbox 218 3805 250 3874; x_wconf 85' lang='lat' dir='ltr'>ja</span> <span class='ocrx_word' id='word_1_237' title='bbox 268 3806 337 3859; x_wconf 88' lang='lat' dir='ltr'>auch</span> <span class='ocrx_word' id='word_1_238' title='bbox 361 3805 443 3858; x_wconf 85' lang='lat' dir='ltr'>Affen</span> <span class='ocrx_word' id='word_1_239' title='bbox 470 3804 624 3857; x_wconf 85' lang='lat' dir='ltr'>verstand.“</span> <span class='ocrx_word' id='word_1_240' title='bbox 665 3805 709 3864; x_wconf 82' lang='lat' dir='ltr'>tcf.</span> <span class='ocrx_word' id='word_1_241' title='bbox 729 3822 752 3857; x_wconf 87' lang='lat' dir='ltr'>e.</span> <span class='ocrx_word' id='word_1_242' title='bbox 772 3821 794 3856; x_wconf 89' lang='lat' dir='ltr'>c.</span> <span class='ocrx_word' id='word_1_243' title='bbox 814 3803 934 3870; x_wconf 87' lang='lat' dir='ltr'>Hesych.</span> <span class='ocrx_word' id='word_1_244' title='bbox 955 3821 975 3857; x_wconf 87' lang='lat' dir='ltr'>s.</span> <span class='ocrx_word' id='word_1_245' title='bbox 995 3820 1019 3854; x_wconf 88' lang='lat' dir='ltr'>v.</span> <span class='ocrx_word' id='word_1_246' title='bbox 1039 3803 1190 3873; x_wconf 80' lang='grc' dir='ltr'>Κέρκωψ.)</span> <span class='ocrx_word' id='word_1_247' title='bbox 1226 3796 1390 3852; x_wconf 85' lang='lat' dir='ltr'>Recorderis</span> 
     </span>
     <span class='ocr_line' id='line_1_33' title="bbox 222 3887 1390 3964; baseline -0.01 -16"><span class='ocrx_word' id='word_1_248' title='bbox 222 3912 315 3963; x_wconf 83' lang='lat' dir='ltr'>quaeso</span> <span class='ocrx_word' id='word_1_249' title='bbox 334 3895 493 3964; x_wconf 85' lang='lat' dir='ltr'>ambiguum</span> <span class='ocrx_word' id='word_1_250' title='bbox 512 3892 658 3946; x_wconf 89' lang='lat' dir='ltr'>verborum</span> <span class='ocrx_word' id='word_1_251' title='bbox 676 3895 767 3946; x_wconf 90' lang='lat' dir='ltr'>lusum</span> <span class='ocrx_word' id='word_1_252' title='bbox 797 3890 879 3943; x_wconf 90' lang='lat' dir='ltr'>simili</span> <span class='ocrx_word' id='word_1_253' title='bbox 905 3893 932 3943; x_wconf 92' lang='lat' dir='ltr'>in</span> <span class='ocrx_word' id='word_1_254' title='bbox 950 3890 1171 3945; x_wconf 85' lang='lat' dir='ltr'>Acharnensibus</span> <span class='ocrx_word' id='word_1_255' title='bbox 1198 3887 1285 3942; x_wconf 92' lang='lat' dir='ltr'>officio</span> <span class='ocrx_word' id='word_1_256' title='bbox 1312 3887 1390 3939; x_wconf 87' lang='lat' dir='ltr'>satis-</span> 
     </span>
     <span class='ocr_line' id='line_1_34' title="bbox 222 3976 1390 4047; baseline -0.007 -10"><span class='ocrx_word' id='word_1_257' title='bbox 222 3985 376 4038; x_wconf 88' lang='lat' dir='ltr'>facientem.</span> <span class='ocrx_word' id='word_1_258' title='bbox 412 3982 615 4036; x_wconf 76' lang='lat' dir='ltr'>Sed-caude</span> <span class='ocrx_word' id='word_1_259' title='bbox 630 3982 736 4035; x_wconf 87' lang='lat' dir='ltr'>desunt.</span> <span class='ocrx_word' id='word_1_260' title='bbox 765 3980 845 4034; x_wconf 88' lang='lat' dir='ltr'>Licet</span> <span class='ocrx_word' id='word_1_261' title='bbox 858 3980 964 4047; x_wconf 88' lang='lat' dir='ltr'>quidem</span> <span class='ocrx_word' id='word_1_262' title='bbox 979 3979 1085 4031; x_wconf 89' lang='lat' dir='ltr'>diffidas</span> <span class='ocrx_word' id='word_1_263' title='bbox 1097 3977 1252 4030; x_wconf 86' lang='lat' dir='ltr'>testimonio</span> <span class='ocrx_word' id='word_1_264' title='bbox 1265 3976 1390 4044; x_wconf 86' lang='lat' dir='ltr'>imaginis</span> 
     </span>
     <span class='ocr_line' id='line_1_35' title="bbox 223 4064 1389 4142; baseline -0.009 -15"><span class='ocrx_word' id='word_1_265' title='bbox 223 4091 305 4142; x_wconf 88' lang='lat' dir='ltr'>quam</span> <span class='ocrx_word' id='word_1_266' title='bbox 324 4073 374 4126; x_wconf 93' lang='lat' dir='ltr'>tibi</span> <span class='ocrx_word' id='word_1_267' title='bbox 392 4070 571 4140; x_wconf 90' lang='lat' dir='ltr'>proponimus</span> <span class='ocrx_word' id='word_1_268' title='bbox 589 4074 686 4137; x_wconf 88' lang='lat' dir='ltr'>utpote</span> <span class='ocrx_word' id='word_1_269' title='bbox 704 4070 785 4122; x_wconf 83' lang='lat' dir='ltr'>nimis</span> <span class='ocrx_word' id='word_1_270' title='bbox 804 4069 901 4122; x_wconf 88' lang='lat' dir='ltr'>leviter</span> <span class='ocrx_word' id='word_1_271' title='bbox 920 4069 1076 4132; x_wconf 83' lang='lat' dir='ltr'>delineatae;</span> <span class='ocrx_word' id='word_1_272' title='bbox 1096 4066 1236 4118; x_wconf 88' lang='lat' dir='ltr'>vasculum</span> <span class='ocrx_word' id='word_1_273' title='bbox 1249 4064 1330 4118; x_wconf 88' lang='lat' dir='ltr'>hodie</span> <span class='ocrx_word' id='word_1_274' title='bbox 1344 4066 1389 4117; x_wconf 91' lang='lat' dir='ltr'>ubi</span> 
     </span>
     <span class='ocr_line' id='line_1_36' title="bbox 222 4155 1390 4229; baseline -0.008 -14"><span class='ocrx_word' id='word_1_275' title='bbox 222 4163 257 4215; x_wconf 90' lang='lat' dir='ltr'>sit</span> <span class='ocrx_word' id='word_1_276' title='bbox 282 4162 408 4216; x_wconf 87' lang='lat' dir='ltr'>nesciunt</span> <span class='ocrx_word' id='word_1_277' title='bbox 433 4159 483 4229; x_wconf 83' lang='lat' dir='ltr'>(cf.</span> <span class='ocrx_word' id='word_1_278' title='bbox 502 4157 597 4225; x_wconf 89' lang='lat' dir='ltr'>Rizzo,</span> <span class='ocrx_word' id='word_1_279' title='bbox 622 4157 719 4211; x_wconf 85' lang='lat' dir='ltr'>Roem.</span> <span class='ocrx_word' id='word_1_280' title='bbox 746 4157 839 4210; x_wconf 87' lang='lat' dir='ltr'>Mitth.</span> <span class='ocrx_word' id='word_1_281' title='bbox 859 4157 916 4210; x_wconf 85' lang='lat' dir='ltr'>XV</span> <span class='ocrx_word' id='word_1_282' title='bbox 934 4158 1005 4221; x_wconf 78' lang='lat'><strong>⁶268),</strong></span> <span class='ocrx_word' id='word_1_283' title='bbox 1031 4155 1106 4223; x_wconf 92' lang='lat' dir='ltr'>quod</span> <span class='ocrx_word' id='word_1_284' title='bbox 1132 4171 1299 4224; x_wconf 85' lang='lat' dir='ltr'>magnopere</span> <span class='ocrx_word' id='word_1_285' title='bbox 1326 4172 1390 4206; x_wconf 92' lang='lat' dir='ltr'>sane</span> 
     </span>
    </p>
   </div>
   <div class='ocr_carea' id='block_1_6' title="bbox 221 4251 434 4306">
    <p class='ocr_par' dir='ltr' id='par_1_8' title="bbox 221 4251 434 4306">
     <span class='ocr_line' id='line_1_37' title="bbox 221 4251 434 4306; baseline -0.023 0"><span class='ocrx_word' id='word_1_286' title='bbox 221 4251 368 4306; x_wconf 86' lang='lat' dir='ltr'>dolendum</span> <span class='ocrx_word' id='word_1_287' title='bbox 388 4253 434 4302; x_wconf 86' lang='lat' dir='ltr'>est.</span> 
     </span>
    </p>
   </div>
   <div class='ocr_carea' id='block_1_7' title="bbox 0 0 1624 4898">
    <p class='ocr_par' dir='ltr' id='par_1_9' title="bbox 0 0 1624 4898">
     <span class='ocr_line' id='line_1_38' title="bbox 0 0 1624 4898; baseline 0 2"><span class='ocrx_word' id='word_1_288' title='bbox 0 0 1624 4898; x_wconf 95' lang='lat' dir='ltr'> </span> 
     </span>
    </p>
   </div>
  </div>
 </body>
</html>
