3240 4898
739 309 961 370 ..34-

262 501 309 565 ita
333 500 417 564 enim
441 499 607 565 Homerus
631 499 794 565 chitonem
818 500 1019 566 describite
1043 506 1104 567 231

445 630 500 696 τοδ
525 632 558 697 δὲ
578 635 686 715 χιτῶν’
711 631 828 721 ἐνόησα
849 635 926 721 περὶ
946 637 1021 717 χροὶΙ
1042 632 1240 720 σιγαλόεντα,

446 737 512 808 οἷδν
535 765 570 805 τε
591 741 745 827 κρομύοιο
767 739 867 808 λοπὸν
890 741 970 806 κατὰ
996 741 1166 824 ἰσχαλέοιο.

261 875 464 960 Hermippus
485 877 668 961 praesertim
683 877 772 959 ipsos
788 899 901 942 versus
917 877 1113 944 Homericos
1129 879 1288 944 imitando
1305 878 1436 966 effinxit,

263 983 354 1049 cuius
378 983 595 1067 fragmentum
620 984 759 1068 amplius
784 1006 801 1049 e
824 985 1083 1067 Phormophoris
1100 994 1273 1068 sumptum,
1298 987 1387 1070 quod
1404 992 1438 1053 et

262 1089 393 1155 heroico
416 1099 521 1155 metro
545 1093 648 1156 utitur
673 1098 706 1156 et
729 1090 896 1156 vocabulis
919 1092 1028 1174 epicis,
1053 1091 1139 1157 hunc
1167 1095 1201 1157 in
1230 1094 1360 1158 modum
1388 1095 1437 1157 in-

263 1199 341 1282 cipit
364 1198 415 1280 (fr.
441 1197 497 1283 63)

369 1322 484 1389 ἕσπετε
507 1333 560 1390 νῦν
582 1348 640 1406 μοι
663 1332 792 1389 Μοῦσαι
814 1315 969 1407 Ὀλύμπια
991 1324 1111 1407 δώματ’
1137 1322 1274 1407 ἔχουσαι,

369 1429 406 1506 ἐξ
427 1421 462 1496 οὗ
485 1432 651 1519 ναυκληρεῖ
676 1430 832 1509 Διόνυσος
855 1429 907 1496 ἐπ’
932 1430 1048 1498 οἴνοπα
1072 1431 1200 1512 πόντον,
1421 1512 1424 1516 ’

367 1533 437 1605 δοσ’
461 1531 564 1624 ὦγάθ’
589 1531 782 1625 ἀνθρώποις
804 1532 1008 1636 δεῦρ”ἤγαγε
1031 1541 1237 1627 νηὶιμελαίνῃ
1260 1542 1326 1606 κτλ.

349 1683 465 1748 Iliadis
500 1682 590 1747 locos
626 1704 707 1765 quos
743 1689 889 1775 nostrum
924 1683 1104 1775 inspexisse
1136 1685 1352 1749 certissimum
1385 1692 1435 1750 est

261 1789 357 1854 affert
372 1789 470 1854 Koch
486 1788 504 1851 I
520 1791 600 1873 2443
625 1795 769 1854 ceterum
793 1789 941 1858 similiter
964 1796 1102 1854 metrum
1119 1789 1285 1855 heroicum
1301 1790 1436 1869 adhibet

260 1895 434 1979 Hermippi
457 1895 674 1978 fragmentum
697 1896 830 1960 incertae
855 1896 943 1961 sedis
967 1899 1020 1964 82.
1060 1895 1116 1960 Ad
1140 1896 1202 1961 hoc
1218 1882 1339 1980 optime
1356 1878 1434 1981 qua'ss

261 2001 335 2067 drat
358 2002 444 2085 quod
467 2001 570 2066 refert
586 2001 664 2067 Ath.
682 2002 753 2069 XV
770 2005 833 2067 699
851 2023 879 2082 a,
905 2001 1122 2086 Hermippum
1140 2005 1251 2087 generi
1269 2005 1434 2069 studuisse

260 2109 414 2192 parodico
444 2108 616 2195 (πεποίηκε
644 2108 677 2173 δὲ
705 2108 872 2195 παρῳδίας
894 2110 949 2173 καὶ
965 2103 1157 2194 Ἕρμιππος
1181 2103 1198 2175 ὁ
1220 2118 1276 2196 τῆς
1298 2101 1436 2198 δρχαλας

259 2215 430 2303 κωμῳδίας
454 2218 613 2302 ποιητής).
660 2215 748 2281 Nam
779 2217 954 2282 comoedias
983 2217 1158 2300 significari
1185 2239 1251 2281 non
1279 2219 1432 2301 parodias

259 2324 442 2408 peculiares
470 2323 684 2407 probabiliter
713 2325 863 2407 exposuit
892 2324 1056 2407 Mainake,
1086 2324 1161 2390 hist.
1191 2327 1262 2390 orit.
1289 2329 1331 2390 92
1360 2348 1436 2408 pro·

260 2432 412 2496 nuntians
439 2431 536 2508 „mihi
559 2431 603 2496 H.
626 2431 779 2515 parodias
802 2433 882 2496 istas
907 2431 1026 2496 fabulis
1051 2433 1117 2496 suis
1141 2433 1319 2497 intexuisse
1343 2434 1429 2498 vide·

259 2546 322 2618 tur,
346 2538 536 2623 Epicharmi
554 2537 681 2604 Cratini
704 2539 906 2622 aliorumque
930 2540 1111 2622 exemplum
1128 2538 1295 2622 secutus3“
1321 2561 1433 2605 assen-

259 2649 339 2712 titur
363 2646 529 2725 Welcker,
555 2645 612 2714 Kl.
638 2644 802 2711 Schriften
825 2646 844 2710 I
868 2645 990 2732 326.¹⁶)
1223 2631 1226 2636 ’

348 2751 436 2838 Quin
460 2752 619 2818 comoedia
643 2754 790 2817 oratione
813 2754 877 2820 ista
900 2761 1013 2819 utatur
1036 2754 1126 2838 gravi
1149 2759 1186 2817 ut
1208 2753 1241 2816 in
1259 2753 1345 2818 risus
1362 2776 1432 2819 eam

259 2860 412 2926 deflectat
435 2860 568 2925 dubium
593 2881 664 2925 esse
678 2861 793 2944 nequit
808 2883 931 2944 suoque
948 2863 1019 2926 iure
1037 2860 1142 2926 Oobet
1162 2859 1433 2945 (Observationes

259 2970 329 3034 erit.
345 2969 379 3032 in
395 2968 543 3033 Platonis
567 2969 679 3032 comici
703 2967 858 3051 reliquias
882 2967 995 3056 (1840)
1020 2992 1051 3051 p.
1076 2968 1152 3052 176)
1176 2968 1297 3034 formas
1322 2969 1433 3052 apicas

258 3077 292 3140 in
317 3076 512 3140 comicorum
536 3075 689 3157 operibus
718 3075 828 3140 obvias
859 3076 907 3141 ita
935 3077 1173 3158 interpretatur
1202 3082 1239 3140 ut
1270 3084 1433 3158 poetarum

259 3183 423 3266 epicorum
447 3182 585 3265 quaesita
609 3203 735 3246 necnon
759 3182 959 3247 iocosissima
982 3181 1194 3264 intelligenda
1218 3182 1260 3246 sit
1282 3183 1432 3248 imitatio.

259 3289 323 3356 Sed
347 3288 432 3353 idem
461 3290 526 3352 iam
557 3289 730 3352 dicendum
760 3288 838 3352 mihi
868 3289 997 3353 videtur
1028 3288 1069 3352 de
1092 3288 1283 3371 Epicharmi
1312 3287 1434 3356 fabulis

258 3419 330 3480 quae
355 3396 472 3462 adres
497 3396 656 3479 mythicas
681 3402 841 3478 spectant,
865 3397 899 3459 in
924 3396 1103 3460 carminum
1126 3396 1308 3460 imitatione
1333 3404 1433 3481 atque

258 3504 408 3568 dictionis
433 3503 531 3586 epicae
555 3503 704 3567 irrisione
728 3502 901 3567 manifesto
925 3508 1072 3581 versatae,
1098 3524 1163 3585 qua
1196 3502 1237 3567 de
1269 3525 1304 3568 re
1336 3505 1432 3568 nimis

258 3618 352 3674 caute
376 3610 513 3693 Hauler,
538 3609 626 3674 Xen.
652 3608 768 3674 Austr.
793 3612 845 3678 88.
892 3610 1092 3674 Praeclarum
1117 3611 1202 3674 enim
1231 3610 1328 3675 huius
1353 3632 1429 3674 usus

259 3723 364 3782 exstat
389 3717 570 3799 exemplum
595 3717 783 3800 Epicharmi
806 3716 887 3780 illud
910 3715 1126 3800 fragmentum
1152 3716 1205 3802 (fr.
1229 3719 1270 3781 99
1295 3714 1431 3797 Kaibel)

258 3825 372 3888 summi
396 3826 493 3907 pretii
517 3824 603 3908 quod
629 3824 829 3907 deprompsit
853 3821 1028 3906 Gomperz,
1059 3824 1170 3889 Mitth.
1196 3843 1224 3890 a.
1252 3823 1282 3885 d.
1307 3824 1433 3892 samm,

346 3985 381 4050 1⁶)
401 3983 504 4036 Contra
524 3983 716 4050 Wilamowitz,
737 3985 851 4037 Hermes
865 3982 991 4052 Xh173,
1010 3984 1137 4053 parodias
1155 3981 1314 4049 intellegens
1336 3979 1431 4047 quales

257 4073 444 4141 Hegemonem
459 4071 590 4124 Thasium
609 4072 705 4127 fecisse
724 4077 896 4142 compertum
915 4074 1059 4142 habemus;
1080 4074 1127 4127 sed
1147 4087 1240 4124 versus
1258 4086 1325 4137 quos
1343 4085 1426 4137 supra

257 4161 448 4230 exscripsimus
469 4159 584 4214 Homeri
604 4163 719 4230 parodia
731 4163 830 4216 imbuti
849 4181 864 4217 e
882 4162 1097 4231 Phormophoris
1116 4159 1216 4227 sumpti
1230 4160 1300 4224 sunt,
1322 4152 1428 4210 scilicet

256 4267 290 4302 ex
311 4250 402 4303 fabula
421 4251 532 4306 comica.
