3240 4898
679 295 899 355 „29-

201 485 357 572 missae)
381 485 530 552 Eandem
554 488 724 552 materiam
750 488 871 552 comice
887 487 951 551 iam
968 494 1089 552 tractat
1105 489 1234 570 pictura
1251 489 1375 554 vasculi

201 595 371 658 cuiusdam
395 593 576 658 (loriuthici
599 593 742 658 Athenis
765 594 862 658 hodie
894 595 1077 659 conservati
1108 595 1196 678 quod
1229 603 1320 660 sexto
1345 618 1374 663 a.

201 698 281 766 Chr.
307 701 425 766 saeculo
450 699 703 782 adscribitur1⁴):
729 701 912 768 Vulcanum
937 701 1033 765 deum
1058 701 1294 768 claudicant-em
1320 705 1375 784 qui

200 807 419 890 negligentius
442 809 475 871 in
501 829 584 890 equo
609 807 738 872 vehitur
760 809 935 891 vinumque
959 809 1070 872 haurit
1092 807 1216 872 Bacchi
1241 811 1375 874 comites

200 915 476 998 circumstrepunt
500 915 697 996 solutissimi,
722 914 840 998 phallis
856 916 1005 979 maximis
1022 916 1174 996 insignes.
1210 915 1373 979 Nimirum

203 1042 307 1084 scenae
331 1020 514 1085 huiusmodi
538 1021 655 1085 iocosae
680 1021 831 1086 ludorum
856 1022 1039 1087 scurrilium
1062 1021 1095 1084 in
1121 1042 1154 1086 se
1179 1020 1301 1084 habent
1325 1042 1372 1084 so·

201 1149 338 1192 menae
363 1129 506 1211 stirpem.

291 1235 394 1299 Usum
425 1235 523 1299 istum
554 1234 868 1318 Peloponnesiacum
900 1242 1096 1319 receperunt
1131 1257 1250 1300 scurrae
1283 1233 1374 1300 Sicu-

200 1341 307 1405 lorum
331 1347 363 1406 et
386 1340 556 1423 Italorum,
580 1341 758 1425 itidemque
782 1342 911 1407 videtur
934 1344 967 1407 in
989 1342 1152 1408 Boeotiam
1173 1343 1371 1426 migravisse.

200 1447 329 1530 Nempe
353 1450 488 1532 picturae
518 1470 666 1512 vasorum
692 1448 848 1531 fictilium,
873 1471 945 1532 quae
976 1448 1099 1514 Thebis
1127 1456 1257 1532 reperta
1287 1457 1372 1530 sunt,

202 1563 317 1639 quarto
349 1578 377 1620 a.
411 1553 488 1620 Ohr.
523 1556 641 1620 saeculo
672 1554 906 1621 fabricatorum
938 1557 1052 1621 eadem
1084 1556 1182 1640 plane
1220 1556 1374 1620 exhibent

199 1661 430 1727 ludificationis
455 1662 624 1741 elementa,
650 1684 711 1726 nec
734 1662 835 1727 ullum
860 1672 909 1729 est
934 1664 1067 1729 dubium
1092 1665 1169 1746 quin
1192 1685 1296 1728 scenae
1322 1663 1372 1727 hae

196 1770 344 1835 ridiculae
369 1770 410 1836 ad
434 1771 528 1835 ludos
554 1777 702 1854 spectent
725 1771 759 1835 in
783 1771 913 1836 Boeotia
936 1773 1085 1838 usitatos.
1125 1771 1264 1835 Etiamsi
1287 1771 1372 1833 enim

198 1877 407 1960 plrallophori
431 1876 544 1960 quales
561 1878 707 1942 videmus
724 1879 872 1961 depictos
888 1880 1042 1944 ventriosi
1059 1900 1097 1943 ac
1112 1879 1238 1961 ingenti
1254 1876 1372 1960 podice

199 1985 344 2066 insignes
368 2006 433 2047 non
457 2006 591 2067 prorsus
614 1986 789 2050 histriones
805 1987 958 2050 videntur
973 1993 1211 2069 repraesentare
1228 1984 1371 2069 (Koerte,

199 2089 323 2156 Athen.
359 2090 471 2156 Mitth.
508 2089 603 2154 XIX
638 2095 723 2156 1894
758 2115 788 2176 p.
822 2091 909 2174 349),
944 2091 1038 2155 ludos
1073 2097 1183 2155 tamen
1217 2089 1371 2154 scurriles

202 2197 393 2263 Beeotorum
417 2199 451 2261 in
475 2197 589 2262 iisdem
613 2197 680 2262 fere
706 2199 904 2282 argumentis
927 2199 1051 2263 versari
1075 2199 1142 2263 veri
1167 2203 1216 2262 est
1248 2197 1370 2262 similli-

201 2327 288 2368 mum
325 2305 493 2386 (Walters,
525 2304 667 2368 Journal
697 2305 734 2369 of
759 2304 847 2372 Hell.
880 2305 1002 2369 studies
1033 2304 1128 2368 XIII
1157 2309 1215 2388 873
1253 2303 1369 2382 Bethe,

200 2411 330 2494 Proleg.
355 2411 423 2497 59).
470 2410 584 2475 Habes
607 2412 694 2476 inter
717 2413 861 2495 picturas
890 2411 987 2477 hasce
1012 2410 1133 2477 Oabiro
1164 2417 1370 2475 consecratas

197 2518 252 2601 (cf.
276 2518 477 2601 Winneseld‚
502 2517 544 2583 A.
569 2518 824 2586 1111111412
849 2523 913 2602 sq.)
937 2519 1085 2602 exempla
1116 2518 1265 2601 quaedam
1298 2538 1368 2600 quae

197 2627 241 2691 ad
277 2626 559 2710 phlyacographiae
594 2633 787 2710 argumenta.
820 2627 900 2690 mire
932 2625 1101 2691 accedunt.
1160 2624 1371 2708 Quapropter

198 2734 391 2798 concludere
416 2734 492 2798 licet
517 2740 549 2798 et
573 2755 758 2798 scurrarum
782 2733 984 2799 Boeotiorum
1009 2740 1041 2798 et
1057 2733 1229 2817 phlyacum
1247 2731 1370 2797 'I'aren-

196 2841 341 2904 tinorum
354 2841 497 2905 eiusdem
516 2841 625 2924 stirpis
641 2840 741 2905 fuisse
758 2841 942 2924 mythorum
955 2841 1185 2906 tractationem
1198 2839 1368 2904 ludicram.

200 2945 267 3011 Sed
291 2968 330 3010 ex
360 2947 473 3012 eodem
503 2947 592 3013 fonte
623 2949 733 3012 hausit
764 2949 922 3013 comoedia
944 2946 1060 3012 Attica
1092 2948 1236 3030 antiqua,
1272 2968 1367 3029 quam

198 3061 325 3118 mature
350 3056 548 3136 argumentis
578 3055 730 3138 mythicis
761 3075 852 3119 usam
885 3076 956 3120 esse
988 3054 1085 3118 hodie
1121 3060 1249 3118 constat
1283 3054 1370 3117 inter

196 3180 310 3224 omnes
334 3161 479 3245 (Kaibel,
501 3161 615 3226 Herm.
633 3162 746 3225 XXX
764 3165 815 3245 74,
832 3161 949 3227 Koerte
965 3161 1008 3225 ib.
1026 3160 1196 3225 XXXIX
1213 3163 1276 3225 486
1294 3161 1368 3244 sq.).

286 3265 328 3329 In
351 3265 469 3331 fabulis
486 3268 605 3333 Atticis
631 3268 754 3332 eaedem
777 3290 925 3351 personae
949 3269 1049 3333 risum
1074 3274 1203 3333 movent
1219 3275 1317 3349 atque
1334 3268 1368 3330 in

198 3374 409 3438 Doriensium
436 3374 530 3456 ludis,
563 3377 726 3458 praecipue
757 3374 908 3440 Bacchus
943 3375 1076 3460 (Koerte
1099 3398 1131 3458 p.
1156 3374 1245 3459 488),
1281 3373 1366 3437 Her-

196 3481 296 3562 cules,
334 3480 456 3545 Ulixes
514 3481 566 3546 De
596 3481 799 3547 Herculis
834 3504 975 3564 persona·
1005 3483 1039 3546 in
1068 3488 1239 3565 poetarum
1270 3482 1366 3545 comi-

195 3608 308 3651 corum
331 3587 449 3652 sabulis
472 3589 648 3670 percrebro
673 3587 766 3653 obvia
791 3610 905 3654 vereor
928 3610 969 3652 ne
993 3590 1089 3653 nimis
1113 3590 1189 3654 trita
1207 3610 1366 3654 moneam.

196 3693 306 3759 Heros
329 3695 384 3758 ille
408 3694 641 3759 Doricissimus
666 3696 754 3778 apud
777 3695 930 3779 phlyaces
955 3717 1090 3780 magnas
1121 3703 1232 3778 partes
1263 3696 1367 3777 egisse

197 3801 341 3884 videtur3
366 3800 514 3866 conferas
538 3803 682 3882 picturas
707 3802 892 3867 vasculares
916 3803 1024 3886 Heyd.
1050 3803 1098 3883 M,
1121 3802 1166 3886 N,
1189 3803 1230 3884 R,
1247 3801 1269 3887 f,
1285 3825 1317 3885 p,
1336 3823 1365 3884 q,

285 3970 319 4036 ¹³)
339 3969 453 4037 Hauler,
472 3969 562 4022 Xenia
577 3970 719 4026 Austriaca
738 3969 809 4037 189,
824 3971 1016 4040 Wilamowitz,
1034 3971 1136 4027 Nachr.
1150 3973 1199 4026 der
1212 3971 1367 4042 Goettinger

194 4056 346 4111 Gesellsch.
367 4061 444 4114 1895.
465 4061 525 4125 218,
545 4059 640 4127 Remu,
660 4059 919 4130 Mimus1543,2.

286 4149 318 4217 ¹4)
345 4148 378 4200 cf.
408 4148 566 4215 Lceschcke,
598 4149 787 4204 korinthische
820 4150 892 4204 Vase
923 4151 974 4203 mit
1005 4151 1053 4204 der
1086 4149 1289 4221 Riichfiihrung
1319 4152 1367 4205 des

192 4234 363 4304 Hephaistos
383 4238 496 4307 (Athen.
516 4237 611 4291 blitth.
631 4238 703 4293 XIX
724 4241 793 4295 1891
812 4240 867 4293 tab.
887 4239 963 4294 VIII
981 4258 1007 4308 p.
1027 4242 1081 4295 510
1100 4242 1179 4310 sqq).
