3240 4898
695 272 913 332 -45-

219 467 295 530 adn.
320 466 430 529 'Num
460 472 495 529 re
527 487 603 530 vera
637 463 877 548 Aristophanes
910 464 981 529 loco
1013 464 1197 546 Vesperum
1227 465 1394 529 tritissimo

221 596 249 638 v.
275 576 317 638 60
341 570 431 649 (οὔθ’
460 570 626 659 Ἡρακλῆς
657 568 695 639 vd
727 575 861 639 δεῖπνον
893 568 1158 653 ἐξαπατώμενος)
1183 593 1260 636 sese
1290 572 1395 654 ipsum

219 681 283 745 hoc
307 680 384 744 olim
407 690 598 762 argumento
615 701 708 743 usum
726 682 797 742 esse
814 677 893 742 velit
909 676 941 741 fa
959 679 1005 742 eri
1018 693 1061 724 -'—
1072 679 1106 742 id
1123 670 1209 760 quod
1228 678 1396 742 contendit

221 786 450 869 Wilamowitz,
488 783 742 850 Observationes
786 786 917 864 criticae,v
957 807 988 867 p.
1016 789 1064 850 119
1105 791 1137 849 et
1177 788 1227 863 593
1268 785 1324 867 qui
1361 785 1395 847 in

223 893 345 958 scholio
374 892 408 958 ἐν
438 899 510 965 τοῖς
541 887 606 978 πρδ
636 889 758 957 τούτου
788 890 1036 976 δεδιδαγμὲνσις
1067 888 1230 979 δράμασιν
1260 892 1310 964 εἰς
1339 887 1396 976 τὴν

219 997 412 1088 Ἡρακλέους
435 995 621 1084 άπλιμτιάν
645 994 752 1064 πολλά
769 998 976 1086 προείρηται,
1000 1020 1059 1081 pro
1077 998 1239 1086 δράμασιν
1256 996 1395 1062 scriben-

221 1107 300 1171 dum
324 1112 418 1189 putat
442 1103 683 1193 Δράμασιν-
707 1103 801 1168 valde
825 1104 958 1169 dubium
982 1112 1046 1188 est;
1086 1105 1125 1172 cf.
1150 1105 1270 1189 Bergk,
1300 1104 1395 1168 Litt-

222 1211 344 1278 Gesch.
368 1212 420 1279 IV
444 1216 495 1293 89,
523 1215 602 1294 1323
635 1211 782 1292 Luebke‚
815 1209 1069 1276 Observationes
1102 1211 1222 1276 criticae
1253 1210 1286 1274 in
1320 1210 1394 1274 hist.

222 1321 341 1393 veteris
365 1340 460 1401 graec.
486 1317 663 1401 comoediae,
696 1317 783 1381 Diss.
808 1317 918 1381 Berol.
947 1320 1040 1403 1883,
1072 1340 1103 1400 p.
1128 1322 1171 1382 40
1195 1321 1242 1400 sq.
1299 1315 1395 1400 Quod

220 1433 332 1490 autem
356 1448 395 1489 ex
426 1425 617 1508 fragmentis
650 1423 844 1489 concludere
875 1425 959 1498 licet,
991 1425 1170 1488 convivium
1202 1423 1396 1488 describitur

224 1539 275 1597 sat
298 1532 510 1612 inurbanum3
533 1531 634 1595 verba
657 1530 697 1598 fr.
723 1535 786 1595 269

432 1653 503 1723 ἄλλ’
528 1656 562 1729 ἐς
585 1652 683 1722 κάδον
706 1652 813 1738 λαβών
835 1653 896 1721 τιν’
922 1652 1011 1743 οὔρει
1037 1655 1186 1722 πίττινον

221 1803 243 1846 a
267 1781 354 1845 socio
378 1781 519 1863 quodam
543 1781 681 1845 convivii
704 1782 908 1863 pronuntiari
936 1779 1143 1845 arbitror-
1168 1781 1200 1843 in
1223 1778 1395 1844 Alcestide

222 1887 403 1968 Euripidea
432 1887 629 1970 persimilem
660 1908 789 1951 scenam
822 1894 950 1951 exstare
981 1887 1163 1951 recorderis
1191 1925 1234 1931 —
1260 1894 1292 1951 et
1322 1907 1394 1968 quae

223 1993 343 2058 chorus
366 1994 468 2059 refert
497 1994 535 2063 fr.
562 1998 625 2058 288
657 1990 779 2067 πάντες
809 1992 928 2061 δ’ἔνδον
959 1993 1204 2074 πεταχνοῦνται,
1236 1993 1277 2056 ad
1307 1992 1396 2056 illam

222 2100 309 2183 apud
333 2099 475 2165 Pholum
507 2122 621 2164 cenam
652 2101 815 2182 pertinere
840 2100 1000 2170 videntur,
1046 2100 1210 2164 Nimirum
1233 2099 1396 2164 Hercules

223 2207 319 2271 huius
342 2206 500 2271 tumultus
524 2214 639 2272 auctor
663 2214 723 2290 est,
747 2228 843 2290 quem
868 2207 1013 2272 convivio
1037 2208 1195 2272 interesse
1219 2229 1260 2271 ex
1283 2207 1396 2271 eodem

222 2312 363 2379 sortasse
388 2314 477 2378 chori
503 2315 644 2378 carmine
669 2315 883 2397 comperimus
907 2313 960 2397 (fr.
986 2312 1063 2395 272)

372 2449 473 2526 χιορεῑ
496 2431 630 2525 άκλιγτος
652 2435 703 2502 del
726 2437 919 2524 δειπνήσων·
944 2429 981 2502 οδ
1004 2435 1065 2524 γάρ
1088 2430 1242 2504 άκανθαι.

223 2562 350 2626 solebat
374 2564 456 2627 enim
481 2564 577 2628 heros
601 2569 715 2628 noster
736 2564 906 2628 invocatus
929 2563 971 2627 ad
996 2584 1112 2628 cenam
1125 2563 1219 2627 itare.
1255 2563 1396 2628 Iamiam

221 2668 366 2733 fabulam
391 2670 431 2733 de
456 2691 520 2752 qua
543 2671 652 2755 agitur
675 2671 928 2753 propinquitatis
952 2670 1088 2734 vinculis
1112 2691 1185 2733 cum
1203 2669 1396 2753 Epicharmi

223 2784 295 2840 arte
321 2777 525 2840 coniunctam
549 2798 619 2840 esse
646 2776 741 2841 docet
763 2775 802 2840 fr.
820 2778 883 2841 287
909 2777 996 2860 quod
1012 2775 1167 2841 Herculis
1183 2777 1396 2842 voracitatem

224 2881 375 2962 designat
397 2884 584 2947 immanem:

430 2997 541 3083 αι’·τοῑς
563 3011 728 3088 σταθμοῖς
751 3005 881 3092 ἐξέβαλε
904 3006 963 3085 τάς
986 3007 1191 3092 σιαγόνας.”)

223 3126 355 3211 Optime
391 3132 475 3194 enim
511 3139 718 3214 comparatur
753 3155 824 3197 cum
855 3132 1018 3198 Busiridis
1048 3134 1273 3217 Epicharmeaa
1311 3133 1396 3218 frag-

223 3246 344 3315 mento,
376 3258 439 3319 quo
469 3238 678 3319 persimiliter
708 3241 839 3322 quidam
870 3239 1038 3304 borridum
1069 3241 1213 3305 vorantis
1241 3240 1396 3305 Herculis

224 3348 393 3424 aspectum
418 3344 525 3408 verbis
550 3345 701 3427 exprimit
725 3345 777 3428 (s.
803 3349 859 3424 21)

376 3475 500 3551 πρᾶτον
522 3467 581 3549 μὲν
604 3467 658 3532 αἰκ
681 3466 810 3534 ἔσθοντ’
834 3468 917 3546 ἰ’δοις
939 3494 997 3548 νιν,
1022 3461 1223 3546 άποθάνοις·

374 3577 484 3657 βρέμει
507 3579 565 3656 μέν
590 3566 606 3639 ὁ
631 3573 756 3660 φάρυγξ
777 3573 897 3655 ἔνδοθ’,
923 3567 1040 3662 άραβεῖ
1062 3568 1111 3639 δά
1136 3574 1270 3660 γνάθος,

377 3690 483 3767 ψοφεῖ
506 3681 531 3744 δ’
556 3673 573 3745 δ
596 3680 746 3767 γόμφιος,
771 3686 895 3768 τέτριγε
918 3681 944 3746 δ’
970 3675 988 3747 ὁ
1010 3679 1156 3765 κονάδιον,

376 3785 459 3866 σίζει
482 3786 515 3851 δὲ
538 3798 610 3864 ταῖς
634 3787 766 3874 ῥίνεσσι,
790 3799 872 3853 κινεῖ
895 3789 924 3857 δ’
951 3781 1059 3854 οὔατα.

313 3946 345 3997 ²²)
365 3945 467 3999 Sensus
487 3946 632 4014 obscurum
652 3947 778 4012 ἐπέβαλε
798 3947 933 4002 coniectat
946 3947 1039 4001 Kock:
1061 3948 1162 4016 „malas
1177 3947 1260 4002 etiam
1274 3948 1397 4017 postibus

222 4033 318 4086 iniecit
337 4035 352 4086 i.
373 4052 394 4087 e.
415 4051 449 4087 ne
467 4035 592 4103 postibus
611 4035 722 4103 quidem
740 4036 876 4104 pepercit:
896 4036 1126 4104 quemadmodum
1144 4037 1194 4090 lon
1215 4037 1243 4090 in
1261 4036 1395 4106 Omphale

222 4122 331 4176 dixerat-
350 4124 428 4188 (Ath.
449 4123 475 4176 X
494 4127 545 4177 411
557 4123 585 4189 b)
605 4127 662 4177 bad
682 4124 712 4177 δὲ
731 4132 779 4194 τῆς
797 4126 955 4196 βουλιμίας
974 4130 1108 4179 κατέπινε
1127 4129 1175 4179 καὶ
1195 4128 1228 4179 τὰ
1247 4127 1325 4180 κᾶλα
1348 4129 1396 4179 καὶ

222 4214 289 4279 τοὺς
307 4212 482 4283 ἄνθρακας.“
504 4246 536 4255 -
556 4213 656 4266 rectius
676 4212 791 4266 fortasse
811 4215 939 4280 ἐνέβαλε.
