3240 4898
721 376 763 385 --
811 342 939 403 50-

241 534 337 600 fallor
368 533 622 617 Aristophanem
654 555 783 617 quoque
820 535 957 599 eandem
991 533 1134 599 fabulam
1166 534 1416 618 Epicharmeam

243 649 391 727 spectare
407 641 568 724 opinans?
591 641 711 705 Nonne
728 641 842 725 Λόγος
865 642 993 715 δίκαιος
1017 648 1049 706 et
1073 641 1186 725 Λόγος
1210 638 1323 713 ἄδικος
1345 661 1417 725 per·

243 771 329 814 sonae
353 749 386 812 in
410 748 562 812 Nubibus
587 770 659 831 quae
683 749 809 813 intrant
834 750 1040 831 disputantes
1064 749 1106 833 (v.
1134 751 1346 832 eea-1104)
1372 747 1417 810 f-

243 855 351 921 bulam
375 854 489 939 Λόγος
512 857 566 922 καὶ
591 856 722 938 Λογίνα
745 856 935 939 inscriptam
960 862 1115 920 revocant
1138 856 1172 919 in
1204 855 1417 919 memoriam?

241 963 367 1045 Nempe
392 961 528 1027 similem
552 963 586 1026 in
601 961 663 1028 hac
687 960 799 1028 fabula
822 964 995 1027 verborum
1019 962 1287 1045 disceptationem
1311 962 1417 1027 locum

241 1069 393 1133 habuisse
417 1075 512 1152 putat
528 1068 769 1154 Bernhardy²⁷)
787 1091 838 1153 ap.
856 1068 1119 1149 Erech-(imber,
1145 1069 1321 1152 Encyclop.
1339 1069 1357 1133 I
1375 1073 1415 1135 35

241 1199 273 1259 p.
286 1174 366 1259 355)
383 1182 482 1258 atque
500 1177 631 1240 omnino
649 1177 710 1240 hoc
727 1177 901 1242 admodum
917 1174 1087 1258 probabile
1104 1182 1155 1240 est
1171 1175 1300 1240 dicendi
1314 1183 1416 1240 artem

240 1283 271 1345 in
291 1279 402 1347 Sicilia
427 1283 587 1347 excultam
612 1284 759 1365 personis
777 1282 1007 1347 facundissime
1024 1283 1110 1346 inter
1126 1303 1196 1346 sese
1215 1282 1417 1347 certantibus

240 1389 439 1471 triumphum
472 1390 585 1471 egisse.
633 1389 820 1454 Kaibelium
845 1389 907 1453 hac
931 1390 1002 1472 ipsa
1037 1411 1071 1453 re
1104 1396 1298 1471 occupatum
1329 1411 1417 1454 mors

242 1496 404 1579 oppressit
427 1494 590 1578 liceatque
614 1496 692 1560 mihi
716 1497 814 1560 verba
839 1496 907 1560 eius
934 1496 1117 1560 exscribere
1143 1519 1216 1580 quae
1233 1494 1270 1561 O.
1290 1497 1418 1561 Robert

241 1608 354 1685 utpote
384 1603 443 1666 viri
477 1602 516 1665 de
553 1603 711 1666 comoedia
745 1624 852 1686 graeca
885 1604 1006 1685 optime
1043 1604 1148 1667 meriti
1185 1610 1417 1668 testamentum

241 1710 405 1773 memoriae
430 1708 566 1772 tradidit
596 1709 629 1771 in
653 1708 785 1772 Hermae
811 1709 871 1773 vol.
898 1709 1063 1775 XXXVI
1091 1714 1171 1775 1901
1210 1732 1312 1775 mens.
1349 1711 1415 1774 De·

241 1815 360 1879 cembr.
388 1815 562 1899 „aberam
587 1816 718 1879 Herzen
742 1815 822 1898 liegt
845 1818 906 1879 mir
930 1818 1031 1880 noch:
1058 1817 1109 1881 die
1127 1817 1302 1881 Komoedie
1326 1817 1417 1881 nicht

241 1944 303 1987 nur
327 1945 385 1987 aus
410 1923 472 1986 den
489 1922 607 1988 beiden
623 1922 870 1987 Bestandteilen
886 1923 990 2006 κῶμοι
1009 1924 1075 1987 und
1093 1920 1284 2007 σκώμματα.
1319 1923 1417 1989 Auch

241 2029 455 2112 allegorische
471 2030 650 2108 Personen,
676 2029 850 2095 Vertreter
874 2052 935 2095 von
955 2030 1134 2114 Begriffen:
1160 2028 1266 2116 Λόγος
1282 2036 1416 2114 Λογὶοα,

244 2144 290 2200 Γᾶ
329 2135 489 2214 θάλασσα,
525 2128 637 2213 Ἐλπίς
671 2137 813 2213 Πλοῦτος
829 2171 854 2188 =
869 2128 1001 2221 όγοόοες.
1059 2137 1156 2202 Aueh
1192 2139 1251 2202 der
1285 2139 1417 2203 Parasit

241 2244 357 2325 gehiirt
381 2244 491 2324 daher,
529 2245 587 2309 der
617 2245 731 2308 immer
763 2246 834 2308 eine
859 2243 1084 2328 Aussenrolle‚
1117 2247 1189 2310 eine
1220 2268 1284 2310 nur
1314 2247 1417 2328 wenig

242 2351 433 2433 organische
450 2348 603 2433 Aufgabe
628 2352 670 2414 im
696 2349 799 2416 Stiiclr
823 2352 880 2415 hat
904 2351 971 2415 und
997 2353 1043 2415 sie
1067 2352 1150 2417 wohl
1176 2360 1243 2417 erst
1267 2359 1340 2436 spat
1361 2354 1416 2417 be-

241 2457 373 2522 hommt.
413 2457 477 2521 Die
501 2461 582 2544 μέση
605 2458 664 2523 hat
679 2459 738 2522 das
757 2480 816 2521 von
834 2457 1012 2540 Epielrarm
1029 2459 1270 2540 iibernommen‚
1297 2459 1416 2524 ebenso

240 2565 298 2629 wie
334 2565 386 2628 die
424 2564 603 2630 Travestie.
639 2566 763 2630 utinam
799 2566 868 2646 ipse
906 2565 976 2629 haec
1007 2586 1161 2630 enarrare
1185 2566 1346 2649 possem.“
1374 2604 1416 2612 -

244 2670 339 2755 Quod
363 2672 405 2737 ad
429 2671 621 2754 allegoricas
645 2672 763 2736 attinet
786 2692 944 2754 personas
967 2674 1001 2736 in
1028 2673 1158 2737 comicis
1192 2672 1311 2738 fabulis
1343 2694 1416 2756 pro·

243 2779 379 2843 deuntes
410 2799 481 2842 cum
516 2779 583 2842 viro
618 2778 804 2843 doctissimo
835 2800 970 2862 prorsus
1003 2779 1180 2859 consentio,
1211 2781 1308 2844 immo
1339 2801 1415 2844 vero

242 2886 408 2967 antiquam
442 2885 507 2947 iam
539 2884 728 2948 comoediam
761 2884 908 2950 Atticam
944 2885 984 2949 ab
1022 2886 1222 2968 Epicharmo
1259 2885 1415 2950 eiusmodi

243 2991 386 3073 argutias
410 2989 563 3054 didicisse
587 3013 626 3055 ex
650 2991 690 3055 iis
715 3014 787 3075 quae
820 3015 919 3075 supra
950 2992 1046 3057 attuli
1077 3014 1150 3058 mea
1181 2992 1312 3076 quidem
1345 3015 1416 3058 sen-

241 3098 345 3162 tentia
369 3096 515 3163 efficitur.

329 3203 501 3268 Postremo
528 3205 721 3269 coniecturae
745 3206 866 3270 mentio
884 3205 942 3270 fiat
960 3227 1056 3288 quam
1074 3206 1153 3270 fecit
1169 3205 1209 3270 de
1227 3207 1416 3289 Epicharmi

240 3310 352 3375 fabula
373 3301 528 3397 Ἡρακλῆς
551 3304 568 3376 ὁ
593 3308 649 3375 ἐπὶ
679 3310 736 3376 τὸν
768 3311 914 3398 ζωστῆρα
945 3313 986 3377 ab
1011 3312 1234 3396 Aristophane
1268 3321 1417 3397 respecta

241 3416 387 3500 Orosius,
413 3418 531 3485 Philol.
557 3418 618 3482 vol.
645 3419 749 3501 suppl.
774 3419 825 3486 VI
850 3423 925 3503 291,
956 3421 1012 3502 qui
1037 3420 1201 3503 singulare
1225 3419 1305 3484 illud
1330 3420 1415 3502 frag-

241 3532 384 3590 mentum
409 3525 478 3612 (76)

436 3648 477 3734 (ό)
504 3654 698 3738 Πογμορίων
720 3649 856 3734 λοχαγὸς
880 3647 913 3714 ὲκ
936 3658 1002 3715 τῶν
1025 3653 1195 3737 κανθάριον

436 3767 500 3823 τῶν
522 3757 669 3839 μεζόνωο,
695 3752 749 3834 οὓς
774 3782 871 3844 morat
895 3755 953 3822 τόν
973 3756 1095 3822 Αἴτναν
1120 3756 1202 3840 ἔχειν

240 3883 285 3945 ita
309 3882 545 3966 interpretatur
569 3891 604 3946 ut
628 3883 775 3968 Pygmaei
801 3885 866 3948 sint
887 3883 1092 3967 intelligendi
1110 3885 1285 3949 Herculem
1302 3893 1416 3948 contra

241 3987 425 4054 Amazones
457 3989 637 4073 profectum
669 3998 895 4075 oppugnantes
928 3991 1012 4055 sicut
1043 3992 1076 4053 in
1108 3991 1308 4074 lepidissima
1338 3989 1415 4052 Phi·

242 4108 455 4116 -—-‹.———-

330 4141 365 4207 ²7)
388 4140 457 4207 „Ein
470 4138 730 4207 gesellschaftliches
744 4140 898 4209 Witzspiel,
918 4141 1070 4194 vermittelt
1089 4141 1177 4194 durch
1189 4143 1249 4194 eine
1262 4138 1415 4191 mannliche

241 4228 296 4280 und
316 4230 374 4282 eine
394 4228 535 4281 weibliche
549 4227 780 4282 Personifikation
799 4230 849 4282 der
861 4228 1030 4295 aederunt,
1049 4228 1241 4299 rergleichbar
1253 4228 1305 4281 den
1319 4228 1415 4280 aristo-

241 4318 408 4385 phanischen
428 4317 538 4387 tepora
