3188 4882
688 323 908 383 -17-

211 515 310 578 mezni
343 515 503 579 Italorum
538 514 657 578 labnlae
689 520 876 577 contextum
910 534 948 577 ae
978 511 1155 576 firmiorem
1187 519 1383 577 structuram

210 623 383 686 turbantes
399 622 584 705 pedestrem
601 622 695 685 Initio
714 641 895 685 sermonem
912 620 1127 703 praestiterint
1143 620 1226 684 sicut
1243 619 1381 683 Dorien-

211 731 296 792 sium
334 730 403 792 ludi
441 730 570 792 mimici.
633 728 876 812 (Wilamouitz,
913 732 1084 791 comment.
1120 733 1213 793 metr.
1247 726 1285 789 II
1317 729 1384 808 33.)

211 835 297 899 Nam
322 836 488 900 dicelistas
503 836 828 900 Lacedaemoniorum
852 834 1019 897 humiliter
1041 834 1223 898 ioculantes
1239 834 1384 916 pedestri

211 965 288 1006 usos
313 965 383 1007 esse
416 944 562 1007 oratione
592 948 793 1024 compertum
825 941 981 1005 habemus
1012 963 1051 1004 ex
1075 938 1384 1008 Aah.X1V621a

213 1047 360 1131 ἐμιμεῖτο
383 1048 446 1137 γάρ
470 1073 520 1125 τις
544 1047 576 1114 ἐν
600 1040 722 1116 εὐτελεῖ
745 1056 783 1134 τῇ
806 1047 889 1124 λέξει
912 1046 1108 1125 κλέπτοντάς
1135 1072 1224 1124 τινας
1253 1043 1384 1133 ὀπώραν

211 1156 277 1220 κτλ.
303 1164 401 1239 atque
427 1156 539 1221 eadem
564 1178 616 1220 res
633 1163 683 1220 est
699 1157 732 1219 in
749 1156 985 1238 autocabdalis,
1010 1155 1049 1219 de
1067 1155 1183 1239 quibus
1199 1156 1269 1220 haec
1285 1156 1384 1220 habet

213 1261 294 1326 Ath.
334 1264 422 1328 XIV
465 1267 503 1328 15
543 1261 573 1327 oi
613 1254 849 1347 αὐτοκάβδαλοι
887 1260 1085 1345 καλούμενοι,
1126 1260 1384 1350 ἐστεφανωμένοι

213 1371 311 1456 κιττῷ
335 1371 444 1457 σχέδην
468 1368 635 1457 έιτέραινον
659 1368 780 1457 ῥήσεις.
805 1364 937 1456 λέστερον
960 1369 993 1434 δὲ·
1016 1367 1127 1452 ἴαμβοι
1145 1362 1384 1456 ὠνομάσθησαν

214 1469 309 1542 αὐτοί
338 1503 373 1543 τε
403 1476 520 1542 καὶτὰ
545 1476 712 1565 ποιήματα
736 1469 853 1544 atam.
900 1478 1001 1542 Haud
1032 1478 1128 1542 aliter
1157 1479 1312 1562 phlyaces
1344 1501 1383 1542 ex

213 1592 359 1668 tempore
396 1586 500 1669 egisse
536 1586 665 1667 optimis
702 1585 883 1649 rationibus
927 1584 1096 1667 probabile
1137 1584 1213 1649 fecit
1248 1585 1384 1651 Voellver

210 1691 423 1772 (Rhinthonis
440 1691 630 1774 fragmenta,
651 1691 737 1760 Diss.
755 1691 832 1758 Hal.
852 1694 935 1755 1887
954 1715 984 1774 p.
1003 1694 1046 1774 8).
1087 1691 1255 1756 Comoedia
1273 1689 1384 1756 Sicula

210 1799 290 1880 quin
314 1798 463 1862 similiter
492 1820 532 1862 ex
561 1805 631 1863 arte
663 1797 961 1884 autosqhediastica
991 1799 1095 1880 prima
1125 1798 1249 1880 ceperit
1279 1799 1382 1862 incre-

211 1912 322 1968 menta
353 1904 406 1968 vix
436 1911 546 1986 potest-
576 1906 705 1989 ambigi,
738 1906 814 1987 quia
846 1905 1063 1987 Epicharmus
1096 1905 1224 1969 demum
1255 1903 1382 1969 fabulas

210 2011 330 2076 litteris
360 2011 566 2076 mandavisse
601 2012 740 2076 videtur.
798 2011 1039 2093 (Wilamowitz,
1071 2011 1235 2077 Herakles
1265 2013 1284 2076 Ι
1315 2016 1382 2094 52.)

213 2115 353 2200 Quando
378 2140 454 2183 vero
484 2120 517 2182 in
541 2117 655 2183 Attica
683 2120 830 2183 trimeter
859 2119 1017 2184 iambicus
1046 2140 1216 2183 scenarum
1243 2121 1384 2184 ludicra-

212 2247 283 2288 rum
321 2226 445 2308 potitus
485 2227 535 2306 sit,
574 2248 750 2309 numquam
789 2226 858 2290 lore
897 2233 934 2289 ut
969 2227 1204 2309 perspiciamus
1241 2227 1384 2292 libenter

210 2331 472 2415 Poppelreutero
497 2334 650 2398 concede.

301 2438 508 2504 Conveniunt
525 2440 642 2504 deinde
660 2461 731 2504 cunr
752 2440 962 2504 Doriensinm
979 2440 1063 2504 ludis
1078 2462 1182 2505 scenae
1197 2439 1380 2505 fabularum

211 2544 399 2611 Atticarum
440 2547 612 2630 episodicae
647 2548 680 2610 in
716 2548 795 2629 ipsis
831 2547 928 2611 rebus
963 2569 1045 2630 quas
1075 2547 1217 2612 ludibrio
1248 2548 1381 2616 habent.

209 2653 304 2718 Inter
328 2652 509 2736 σκώμματα
532 2654 589 2718 illa
611 2652 778 2740 μεγαρικά,
803 2654 920 2736 quibus
943 2654 1163 2719 refertissimae
1181 2655 1287 2720 solent
1311 2679 1382 2721 esse

210 2767 322 2842 partes
345 2763 380 2825 in
404 2762 557 2844 operibus
583 2760 835 2844 Aristophaneis
858 2761 1004 2844 ludicrae,
1032 2763 1251 2845 principatum
1275 2770 1312 2827 ut
1335 2765 1382 2828 ita

211 2868 317 2931 dicam
355 2875 446 2933 tenet
485 2891 582 2933 scena
621 2890 719 2952 quam
759 2890 858 2950 supra
895 2870 1070 2932 memoravi
1110 2868 1382 2934 Acharnensium.

210 2973 293 3058 Quae
318 2977 498 3060 megaricus
521 2976 575 3040 ille
601 2976 751 3039 venditor
774 2976 862 3039 fatur
886 2997 957 3039 cum
983 2975 1023 3040 ad
1048 2975 1209 3040 fallaciam
1238 2978 1380 3041 animum

209 3082 347 3164 appellit
369 3083 549 3165 puellarum
573 3084 606 3146 in
630 3104 747 3164 porcos
771 3083 1001 3150 mutandarum
1025 3106 1054 3149 v,
1081 3085 1143 3146 738

423 3224 492 3296 dll'
515 3231 584 3297 έστι
608 3232 670 3319 γάρ
692 3257 749 3316 μοι
771 3232 929 3318 μεγαρικοὶ
953 3257 1003 3310 τις
1025 3231 1162 3316 μαχανοέ,

209 3381 253 3445 ad
276 3384 382 3447 iocum
407 3389 554 3465 spectare
579 3383 730 3448 videntur
759 3384 949 3449 scurrilibus
980 3385 1065 3449 ludis
1096 3387 1275 3469 antiquitus
1306 3409 1380 3470 pro·

209 3487 335 3570 batum3
374 3488 570 3572 profitentur
607 3491 692 3554 hanc
732 3491 984 3572 explicationem
1024 3490 1232 3572 Studniczlra
1274 3494 1376 3557 Areh.

208 3595 328 3660 Jahrb.
353 3595 405 3662 VI
429 3599 489 3661 261
523 3602 556 3661 et
580 3598 622 3664 Α.
647 3598 775 3681 Koerte‚
806 3598 849 3662 ib.
877 3598 968 3664 VIII
992 3602 1043 3663 65.
1091 3599 1223 3664 Etenim
1255 3599 1377 3664 Phere-

209 3703 309 3766 cratis
333 3724 461 3766 versum
485 3703 545 3787 lrg.
567 3707 628 3769 102
654 3696 697 3780 ὡς
721 3696 790 3785 οὐχὶ
813 3706 903 3768 τουτὶ
928 3704 1041 3791 ῥύγχος
1063 3697 1202 3786 ατεχνῶς
1226 3698 1301 3770 ἐσθ’
1324 3699 1379 3783 ’ἑός

209 3809 345 3874 similem
371 3810 554 3892 significare
578 3833 674 3894 posse
697 3811 846 3877 fraudem
871 3811 1054 3877 observavit
1076 3815 1141 3876 iam
1159 3813 1288 3878 KockI
1307 3818 1379 3879 173.

210 3913 297 3998 Quin
322 3916 388 3980 doli
412 3917 598 3982 huiusmodi
622 3919 768 3983 crebrius
798 3919 918 4001 prolati
950 3921 1015 3984 sint
1044 3920 1078 3983 in
1109 3920 1268 3985 comoedia
1299 3923 1378 3985 anti-

208 4024 366 4105 quissima
397 4045 463 4087 non
495 4024 618 4106 dubito,
651 4047 756 4108 neque
781 4025 988 4091 Studniczkae
1012 4025 1068 4109 (A.
1093 4025 1128 4090 J.
1152 4027 1204 4093 VI
1228 4030 1291 4091 258
1317 4032 1379 4111 sq.)

208 4131 393 4212 opinionem
429 4152 487 4212 per
524 4152 558 4195 se
592 4131 805 4197 refellendam
842 4154 913 4197 esse
949 4154 1076 4215 censeo,
1112 4154 1184 4198 cum
1219 4134 1378 4216 picturam

208 4242 331 4318 paterae
365 4237 472 4301 atticae
504 4237 673 4303 cuiusdam
699 4237 792 4303 Caere
823 4246 973 4322 repertae,
998 4240 1144 4322 Epicteti
1175 4246 1277 4304 artem
1307 4241 1379 4323 pin-

1310 4366 1327 4416 2
