3240 4898
699 337 920 429 -ra-

225 528 306 592 tiam
325 527 469 592 illustrat
485 549 597 592 versus
614 528 670 611 qui
687 528 810 592 exstitit
826 529 861 591 in
876 528 1062 592 Philocteta
1079 527 1191 593 fabula
1207 528 1398 610 Epicharmi

224 633 285 716 frg.
313 637 375 699 132

452 738 510 807 oda
533 739 604 808 ἐστι
629 737 842 837 διθύραμβος
865 736 932 833 ὅκχ’
957 736 1047 829 ὕδωρ
1072 741 1163 828 πίῃς.

223 904 300 947 nam
324 888 356 947 et
379 883 433 948 hic
456 904 549 965 aquae
574 893 721 966 potorem
746 883 827 947 nihil
851 883 973 966 egregii
996 883 1122 947 efficere
1139 883 1260 948 dicitur
1276 884 1308 947 in
1327 891 1397 948 arte

215 990 367 1071 *poetica3
391 1011 456 1072 qua
480 989 520 1054 de
544 1011 580 1054 re
603 991 673 1054 haec
690 988 822 1054 exhibet
836 988 973 1065 Hauler,
998 989 1110 1054 Xenia
1125 987 1304 1054 Austriaca
1319 990 1337 1053 Ι
1355 992 1395 1054 88

226 1095 316 1172 „Der
338 1097 442 1180 artige
459 1095 545 1163 Vers
568 1096 677 1160 diirfte
702 1097 774 1160 eine
799 1117 841 1160 an
865 1095 927 1160 den
950 1096 1083 1161 Helden
1108 1097 1288 1180 gerichtete
1312 1095 1396 1160 Auf-

222 1200 401 1284 sorderung
432 1203 510 1284 sein,
548 1202 610 1267 den
641 1202 843 1286 Dithyramb
874 1203 980 1287 gleich
1017 1203 1079 1267 den
1115 1204 1260 1275 anderen
1288 1203 1397 1276 ‚durch

223 1308 444 1392 Weingenuss
480 1331 520 1373 zu
555 1308 718 1374 fiirdern.“
778 1310 946 1374 Firmatur
984 1316 1072 1374 certe
1112 1311 1182 1374 haec
1222 1309 1396 1393 explicatio

223 1413 389 1481 Athenaei
413 1416 521 1480 verbis
543 1415 628 1482 XIV
654 1414 773 1497 628.²⁰)

314 1521 439 1606 Quibus
463 1523 633 1606 perpensis
657 1523 719 1588 hoc
741 1530 829 1587 certe
847 1522 1011 1587 effecimus
1027 1522 1245 1606 Aristophani
1262 1523 1396 1606 eiusque

224 1629 402 1711 aequalibus
434 1636 544 1694 nostas
575 1629 675 1695 fuisse
707 1629 834 1695 fabulas
866 1630 1111 1713 Epicharmeas.
1166 1628 1232 1695 Sed
1266 1631 1397 1694 minime

224 1737 424 1818 acquievisse
448 1736 528 1800 mihi
551 1736 680 1800 videtur
704 1736 862 1802 comoedia
879 1736 992 1801 Attica
1017 1738 1050 1800 in
1067 1736 1258 1819 Epicharmi
1281 1738 1396 1801 metris

224 1863 262 1906 ac
286 1844 456 1908 sententiis
480 1843 687 1928 recipiendis,
712 1845 839 1908 etiamsi
862 1844 925 1908 hoc
949 1844 1080 1927 quidem
1105 1849 1233 1909 constat
1248 1851 1397 1908 nostrum

224 1970 244 2013 a
278 1949 385 2014 media
418 1971 567 2033 novaque
603 1951 761 2016 ecmoedia
791 1973 850 2032 pro
881 1957 978 2032 poeta
1009 1951 1172 2033 praecipue
1202 1949 1396 2033 philosopho

223 2055 369 2120 habitum
400 2077 480 2136 esse,
512 2056 545 2121 id
576 2057 663 2140 quod
694 2057 875 2122 luculenter
906 2057 1016 2122 docuit
1040 2057 1269 2139 Wilamowitz‚
1299 2056 1397 2120 Text·

223 2162 331 2245 gesch.
356 2163 415 2227 der
437 2163 558 2248 griech.
575 2163 716 2248 Lyriker
739 2187 770 2247 p.
789 2167 831 2228 24
848 2186 895 2246 sq.
931 2162 1093 2246 Archippi
1109 2163 1221 2229 fabula
1236 2160 1397 2250 Ἡρακλῆς

225 2268 336 2352 γαμῶν
359 2270 517 2353 inscripta
541 2292 637 2353 quam
662 2270 775 2336 similis
799 2270 897 2334 fuerit
920 2271 1146 2353 Epicharmeae
1164 2265 1272 2354 Ἥβας
1293 2266 1397 2353 γάμος

225 2369 348 2440 Kaibel
378 2377 440 2441 iam
474 2378 623 2460 exposuit
646 2377 779 2442 Hermae
804 2378 824 2441 l.
850 2399 877 2441 c.
924 2377 1106 2460 Utramque
1138 2378 1223 2441 enim
1253 2376 1398 2440 sahulem

223 2483 258 2544 in
283 2481 395 2547 eodem
427 2485 550 2548 versari
580 2491 771 2568 argumento
804 2483 889 2548 tituli
919 2483 1123 2566 patelaciunt
1153 2481 1196 2546 ad
1219 2481 1397 2547 Herculem

224 2589 280 2670 qui
305 2595 454 2671 spectant
477 2590 598 2654 Heben
621 2591 654 2654 in
678 2592 920 2655 matrimonium
944 2588 1171 2671 ducent·em.²¹)
1212 2587 1396 2654 Similitudo

223 2717 300 2760 vero
325 2717 389 2760 non
414 2695 518 2760 solum
542 2697 576 2760 in
600 2697 661 2762 hac
685 2719 720 2761 re
746 2699 808 2762 sita
839 2704 904 2762 est:
935 2719 1093 2761 summam
1122 2695 1242 2761 fabulae
1274 2702 1306 2759 et
1336 2696 1397 2759 hac

224 2808 257 2865 et
281 2802 356 2868 illac
380 2824 493 2868 cenam
517 2804 697 2888 nuptialem
721 2805 821 2870 fuisse
845 2811 961 2887 putare
986 2804 1072 2880 licet,
1103 2825 1141 2868 eo
1173 2801 1302 2887 quidem
1333 2802 1395 2866 dis·

223 2910 368 2995 crimine,
393 2910 480 2991 quod
496 2911 714 2994 Epicharmus
739 2912 908 2995 epularum
933 2916 1125 2994 apparatum
1150 2911 1338 2992 longissima
1361 2916 1398 2974 ut

222 3016 352 3080 videtur
381 3017 529 3081 oratione
561 3018 735 3102 descripsit
765 3019 839 3104 (frg.
871 3021 914 3082 42
947 3040 1015 3101 sqq.
1048 3017 1088 3081 cs.
1113 3017 1242 3081 Hauler
1273 3040 1305 3100 p.
1331 3018 1396 3099 87),

221 3119 410 3206 Archippus
442 3146 514 3187 eum
547 3125 581 3188 in
612 3126 715 3208 ipsam
747 3147 876 3190 scenam
912 3125 1103 3206 produxisse
1138 3123 1281 3206 videtur3
1320 3143 1396 3187 nam

222 3227 283 3309 lrg.
313 3233 350 3293 10
375 3229 501 3314 (Kock)

312 3387 343 3453 ²⁰)
367 3388 528 3460 Φιλόχορος
555 3389 587 3442 δέ
611 3408 700 3460 φησιν
728 3393 765 3456 ὡς
791 3394 817 3442 οἱ
844 3388 966 3441 παλαιοὶ
993 3391 1045 3441 οὐκ
1071 3391 1128 3441 αἰεὶ
1156 3387 1396 3459 διθυραμβοῦσιν,

223 3476 292 3528 ἀλλ’
312 3479 380 3530 ὅταν
398 3477 550 3545 σπένδωσι,
569 3481 618 3531 τὸν
636 3482 691 3549 μὲν
711 3479 852 3530 Διόνυσον
871 3481 903 3529 ἐν
921 3479 989 3545 οἴνῳ
1011 3480 1057 3529 καὶ
1077 3475 1156 3548 μέθῃ
1172 3477 1395 3547 ...μέλποντες

223 3563 391 3635 Ἀρχίλοχος
409 3573 481 3636 γοῦν
499 3584 588 3636 φησιν
608 3566 668 3634 (frg.
688 3568 722 3622 77
741 3565 792 3632 13⁴)

312 3657 349 3720 ὡς
369 3652 512 3707 Διονύσοι’
532 3655 653 3721 ἄνακτος
672 3655 766 3707 καλὸν
785 3656 903 3723 ἐξάρξαι
923 3653 1014 3723 μέλος

312 3742 376 3795 οῖδα
405 3742 596 3814 διθύραμβον,
626 3745 694 3811 οἴνῳ
724 3742 976 3815 σρχκεραυνωθεὶς
1004 3746 1117 3813 φρένας.
1147 3745 1195 3795 καὶ
1222 3742 1397 3812 Ἐπίχαρμος

222 3830 281 3883 δ’ἐν
303 3831 464 3904 Φιλοκτήτῃ
483 3835 537 3903 ἔφη
557 3832 617 3884 κτλ.

312 3919 344 3986 2¹)
364 3918 492 3973 Ceterum
511 3919 599 3973 eidem
618 3920 741 3973 materiae
761 3936 873 3988 operam
893 3918 1000 3972 dedisse
1020 3917 1138 3970 arbitror
1150 3917 1331 3972 Nicocharem
1350 3919 1396 3986 qui

221 4007 342 4060 fabulam
362 4007 474 4062 exhibet
485 4003 638 4080 Ἡρακλῆς
655 4015 759 4079 γαμῶν
776 4009 950 4076 iuscriptam3
969 4007 1016 4060 vix
1036 4007 1108 4060 enim
1123 4007 1247 4061 laudabis
1261 4007 1394 4061 hleinekii

222 4096 295 4166 (hist.
319 4098 379 4151 crit.
406 4100 467 4164 255)
495 4098 666 4164 sententiam,
691 4115 753 4150 cum
781 4102 894 4166 propter
919 4095 1038 4150 Pollucis
1064 4096 1149 4149 verba
1174 4095 1235 4150 VH
1257 4097 1293 4150 40
1318 4099 1397 4168 καρὰ

222 4187 378 4259 Νικοχάρει
399 4191 431 4240 ἐν
449 4187 595 4258 Ἡρακλεῖ
611 4191 795 4258 γαμουμένῳ,
815 4185 964 4240 Herculem
990 4184 1138 4255 significari
1164 4185 1230 4239 velit
1249 4184 1397 4254 Omphales

220 4274 336 4344 imperio
356 4276 517 4330 subiectum.
