3240 4898
702 992 885 1060 CAPUT
918 993 965 1058 Π.

314 1299 385 1379 De
414 1295 651 1378 comoedia
679 1295 837 1377 Attica
864 1295 1133 1397 Epicharmi
1163 1297 1349 1377 aemula.
1378 1305 1380 1311 ’

336 1511 412 1576 Hac
435 1512 469 1575 in
492 1533 527 1574 re
552 1510 789 1593 perscrutanda
812 1531 945 1574 necesse
970 1517 1020 1574 est
1043 1531 1139 1593 quam
1172 1510 1417 1595 diligentissime

246 1620 429 1702 fragmenta
460 1619 680 1682 examinemus
711 1639 750 1681 ac
780 1638 820 1681 ne
851 1618 1004 1682 minutias
1036 1617 1165 1700 quidem
1197 1618 1415 1702 neglegamus.

245 1726 428 1790 Permirum
453 1746 531 1789 sane
556 1724 685 1789 videtur
708 1724 795 1807 quod
818 1725 880 1806 ipsi
897 1724 1043 1788 homines
1061 1725 1157 1802 docti,
1183 1725 1239 1808 qui
1256 1725 1417 1790 elemento

246 1832 371 1897 Dorica
395 1832 562 1896 comoediae
585 1831 692 1895 inesse
716 1833 908 1914 palaeattioae
942 1852 1148 1914 nequaquam
1171 1833 1332 1915 negarint,
1363 1854 1416 1896 co-

244 1940 345 2003 micos
368 1938 498 2003 Atticos
530 1938 634 2021 quinti
666 1938 777 2003 saeculi
808 1945 959 2021 expertes
993 1938 1094 2003 fuisse
1127 1938 1309 2003 fabularum
1335 1940 1414 2022 Epi-

248 2047 472 2110 charmearum
489 2045 639 2110 arbitrati
656 2045 730 2109 sint.
754 2045 849 2109 Inter
862 2066 942 2128 quos
956 2044 1117 2109 Zielinski
1131 2045 1198 2129 (die
1211 2044 1415 2129 Gliederuug

246 2153 305 2217 der
338 2151 547 2217 altattischen
582 2152 757 2216 Komoedie
795 2174 827 2234 p.
860 2154 936 2234 243)
975 2153 1121 2234 quamvis
1156 2153 1338 2235 perceperit
1373 2153 1414 2218 ad
1441 2228 1443 2234 Ι

245 2266 401 2343 quantam
434 2258 677 2324 similitudinem
709 2258 893 2323 fabularum
924 2259 1107 2324 Sicularum
1138 2259 1306 2324 comoediae
1336 2281 1414 2323 non·

243 2366 342 2431 nullae
369 2365 486 2430 Atticae
522 2367 708 2449 compositae
745 2366 818 2446 sint,
854 2372 964 2430 tamen
993 2367 1143 2430 notitiam
1167 2367 1355 2450 Epicharmi
1379 2368 1412 2429 in

243 2472 475 2556 Aristophanis
499 2472 653 2556 operibus
676 2494 837 2555 nusquam
861 2473 999 2537 inveniri
1024 2472 1209 2537 contendit:
1236 2473 1414 2556 „Dagegen

243 2602 331 2645 muss
354 2579 407 2643 ich
431 2579 512 2644 aber
535 2579 733 2658 einwenden,
763 2578 838 2644 dass
862 2579 920 2643 wir
942 2580 975 2643 in
1000 2578 1120 2644 diesem
1145 2579 1239 2643 Falle
1264 2580 1316 2644 bei
1339 2578 1413 2643 Ari-

244 2686 419 2769 stophanes
451 2683 578 2768 Spuren
611 2685 701 2748 einer
732 2684 994 2750 Bekanntschaft
1021 2686 1080 2749 mit
1104 2685 1281 2769 Epicharin
1304 2685 1413 2750 finden

243 2792 405 2859 wiirden.“
454 2792 617 2874 Equidem
640 2791 854 2856 Zielinskium
881 2792 966 2857 hanc
990 2793 1184 2857 sententiam
1209 2791 1294 2856 ferre
1320 2793 1413 2857 valde

242 2901 350 2973 miror,
375 2901 494 2983 quippe
518 2921 615 2983 quem
639 2898 874 2981 Aristophanis
905 2921 1005 2981 opera
1035 2900 1166 2983 penitus
1197 2903 1327 2986 cognita
1356 2901 1412 2970 ha·

241 3006 319 3071 bere
343 3005 425 3070 bene
450 3007 528 3071 seio.
575 3005 641 3071 Sed
666 3006 780 3070 eodem
803 3006 899 3070 modo
923 3006 1046 3072 iudicat
1071 3004 1186 3089 Bethe,
1214 3007 1345 3092 Proleg.
1370 3011 1408 3072 61

243 3113 338 3194 „Von
363 3113 453 3177 einer
475 3112 644 3178 Kenntnis
666 3113 862 3196 Epicharms
885 3113 996 3178 finden
1021 3114 1089 3177 sich
1107 3136 1165 3178 vor
1180 3113 1301 3178 Platon
1318 3115 1411 3179 keine

241 3219 371 3305 Spuren
394 3220 428 3283 in
453 3219 596 3285 Athen.“
617 3217 716 3304 ‘Quae
741 3242 813 3285 curn
837 3222 883 3284 ita
907 3221 972 3284 sint
995 3220 1084 3284 haud
1107 3221 1235 3285 irritum
1260 3222 1322 3285 erit
1343 3243 1410 3286 sus·

241 3335 371 3410 ceptum
405 3350 444 3392 ea
480 3349 552 3410 quae
575 3327 700 3392 Kaibel
733 3327 888 3412 (Hermes
912 3327 1040 3394 XXIV
1065 3330 1116 3409 54,
1141 3327 1232 3413 adn.)
1257 3329 1341 3393 hanc
1369 3329 1410 3400 ad

241 3434 426 3517 opinionem
449 3434 657 3499 refutandam
681 3434 868 3516 disputavit,
894 3435 950 3499 sed
974 3436 1008 3498 in
1024 3441 1216 3500 transcursu
1232 3435 1334 3500 solum
1351 3457 1411 3500 nec

241 3541 319 3604 satis
343 3541 485 3623 copiose,
509 3562 567 3623 pro
593 3541 677 3604 virili
699 3546 793 3622 parte
818 3544 961 3624 exsequi.

327 3646 529 3730 Principium
552 3646 738 3730 ponendum
762 3668 833 3711 esse
857 3649 889 3710 in
915 3649 960 3712 eis
985 3649 1096 3731 putavi
1113 3648 1267 3732 exemplis
1284 3648 1323 3713 de
1341 3649 1408 3731 qui-

239 3752 300 3817 bus
331 3753 383 3817 vix
413 3754 516 3837 possit
546 3754 674 3836 ambigi.
722 3754 777 3819 lta
809 3755 999 3837 Epicharmi
1026 3756 1240 3820 imitationem
1264 3756 1297 3818 in
1320 3754 1408 3818 Pace

238 3858 473 3942 Aristophanis
496 3860 606 3925 fabula
630 3862 869 3944 apertissimam
893 3862 1099 3927 adumbravit
1115 3864 1179 3928 iam
1195 3861 1318 3926 Kaibel
1342 3863 1362 3929 l.
1380 3883 1407 3927 e.

238 3965 396 4050 Trygaeus
420 3969 505 4032 enim
529 3967 716 4050 indignatus
732 3967 899 4033 Mercurio
925 3969 979 4051 qui
1004 3971 1125 4034 acriter
1148 3972 1181 4033 in
1207 3992 1279 4034 eum
1303 3971 1407 4035 invec-

238 4079 290 4138 tus
314 4095 432 4138 nomen
455 4095 556 4156 genus
580 4082 706 4156 patrem
731 4077 872 4158 exquirit
896 4075 982 4140 idern
1007 4098 1135 4160 semper
1151 4077 1260 4142 reddit
1276 4098 1409 4160 respon-

239 4202 309 4243 sum
334 4203 361 4245 v.
390 4183 451 4244 185
476 4202 522 4263 sq.
